1747 2778
440 115 997 155 METAMORPHOSEON
1032 116 1130 154 LIB.
1167 116 1228 152 III

171 224 344 262 Naiades
373 232 411 262 et
440 231 568 263 sectos
598 224 702 263 fratri
733 225 956 275 imposuere
984 223 1157 274 capillos.

169 289 401 338 planxerunt
430 289 635 339 I)ryades;
673 288 950 339 plangentibus
979 289 1147 327 adsonat
1178 288 1303 327 Echo.

171 351 330 402 iamque
359 366 496 403 rogum
527 367 768 404 quassasque
799 355 902 392 faces
933 354 1196 403 feretrumque
1226 353 1439 403 parabant:

169 430 365 467 nusquam
395 429 538 468 corpus
567 426 648 457 erat
665 434 673 465 3
711 431 894 457 croceum
927 432 997 468 pro
1027 431 1190 468 corpore
1222 419 1356 456 florem

169 481 387 531 inveniunt,
420 481 522 520 soliis
552 484 727 521 medium
759 482 1010 533 cingentibus
1039 483 1149 521 albis.

223 546 392 597 Cognita
422 560 480 586 res
511 547 688 586 meritam
719 549 795 586 vati
826 561 893 598 per
923 547 1144 586 Achaiadas
1175 548 1290 586 urbes

166 612 348 650 attulerat
377 612 534 659 famam,
564 625 792 662 nomenque
821 621 901 650 erat
931 611 1086 662 auguris
1116 612 1264 662 ingens.

167 675 316 726 spernit
347 676 588 715 Echionides
618 684 750 716 tamen
781 678 888 715 hunc
917 690 963 716 ex
993 677 1178 716 omnibus
1208 691 1310 716 unus

166 748 417 791 contemptor
446 755 630 792 superum
663 743 863 781 Pentheus
894 754 1158 792 praesagaque
1187 742 1287 781 ridet

167 805 286 844 verba
315 806 428 853 senis,
463 808 726 857 tenebrasque
755 815 793 846 et
823 808 977 845 cladem
1008 806 1106 846 lucis
1135 808 1345 858 ademptae

166 870 300 909 obicit.
359 870 423 910 ille
453 885 618 911 movens
647 872 821 910 albentia
851 879 1029 922 tempora
1059 872 1167 910 canis

170 938 311 985 ‘quam
343 935 432 974 felix
461 949 579 983 esses,
611 936 643 975 si
672 943 714 975 tu
745 950 905 986 quoque
935 936 1094 975 luminis
1125 937 1240 975 huius

167 1000 309 1038 orbus'
337 1002 405 1047 ait,
437 1001 581 1048 ‘fieres,
612 1014 662 1040 ne
693 1000 887 1039 Bacchica
918 1013 1026 1039 sacra
1055 1001 1218 1040 videres.

167 1078 339 1116 namque
368 1065 453 1104 dies
482 1065 607 1104 aderit
636 1078 754 1116 quam
786 1079 867 1104 non
897 1067 1033 1115 procul
1062 1079 1230 1117 auguror
1259 1080 1359 1115 esse,

167 1143 245 1180 qua
275 1143 401 1169 novus
432 1131 508 1168 huc
539 1130 680 1178 veniat,
714 1132 840 1180 proles
871 1131 1075 1178 Semeleia,
1109 1131 1238 1172 Liber.

166 1208 285 1246 quern
316 1195 389 1234 nisi
421 1196 658 1245 templorum
690 1195 807 1234 fueris
837 1194 1020 1245 dignatus
1051 1196 1212 1243 honore,

167 1260 274 1299 mille
302 1261 405 1299 lacer
434 1273 613 1310 spargere
643 1260 752 1304 locis,
783 1268 821 1299 et
851 1259 1040 1310 sanguine
1069 1260 1184 1300 silvas

166 1322 345 1361 foedabis
375 1330 620 1373 matremque
651 1330 757 1361 tuam
789 1323 1002 1372 matrisque
1032 1336 1194 1362 sorores.

165 1386 332 1434 eveniet,
362 1400 492 1437 neque
521 1387 625 1426 enim
656 1388 871 1438 dignabere
900 1401 1048 1426 numen
1079 1389 1240 1436 honore,

167 1464 310 1502 meque
339 1452 414 1491 sub
443 1452 503 1490 his
533 1452 706 1491 tenebris
735 1452 902 1490 nimium
932 1452 1077 1492 vidisse
1106 1454 1301 1504 quereris.'

165 1517 257 1555 talia
284 1516 484 1555 dicentem
515 1516 720 1567 proturbat
751 1516 932 1555 Echione
960 1525 1086 1556 natus.

165 1580 271 1620 dicta
301 1581 398 1620 fides
428 1581 605 1631 sequitur
634 1594 902 1632 responsaque
932 1581 1029 1620 vatis
1058 1591 1249 1633 aguntur:

167 1645 285 1684 Liber
313 1646 435 1692 adest,
468 1645 656 1695 festisque
685 1647 856 1685 fremunt
886 1646 1098 1686 ululatibus
1127 1650 1235 1698 agri;

165 1710 280 1748 turba
307 1711 394 1758 ruit,
425 1710 648 1760 mixtaeque
677 1710 766 1749 viris
798 1718 1020 1762 matresque
1049 1725 1250 1763 nurusque

164 1775 383 1825 vulgusque
411 1788 675 1825 proceresque
706 1775 840 1825 ignota
867 1777 918 1815 ad
949 1789 1058 1815 sacra
1088 1778 1270 1817 feruntur.

165 1840 278 1889 ‘quis
306 1840 422 1888 furor,
453 1839 714 1890 anguigenae,
744 1841 872 1890 proles
904 1843 1111 1890 Mavortia,
1142 1850 1287 1882 vestras

164 1905 335 1943 attonuit
365 1906 571 1944 mentes?’
631 1906 832 1944 Pentheus
861 1905 938 1944 ait:
978 1909 1143 1946 ‘aerane
1173 1915 1325 1947 tanturn

164 1981 254 2008 aere
282 1970 437 2020 repulsa
465 1971 596 2008 valent
626 1977 664 2008 et
693 1971 852 2008 adunco
882 1970 977 2009 tibia
1006 1984 1128 2009 cornu

164 2042 202 2073 et
232 2033 406 2084 magicae
435 2035 601 2081 fraudes,
634 2042 687 2081 ut,
720 2047 820 2084 quos
850 2048 932 2073 non
963 2035 1126 2075 bellicus
1155 2037 1271 2084 ensis,

165 2111 245 2137 non
275 2098 371 2137 tuba
401 2098 592 2147 terruerit,
624 2111 706 2137 non
737 2098 878 2138 strictis
907 2101 1064 2149 agmina
1093 2101 1190 2148 telis,

165 2163 358 2209 femineae
387 2176 504 2203 voces
534 2172 572 2202 et
603 2170 713 2202 mota
743 2163 894 2203 insania
924 2165 1016 2204 vino

163 2227 405 2278 obscenique
434 2241 568 2279 greges
598 2236 636 2268 et
666 2228 798 2268 inania
827 2236 1015 2280 tympana
1044 2230 1233 2271 vincant?

164 2305 286 2332 vosne
315 2305 430 2332 senes
460 2293 606 2332 mirer?
644 2296 711 2344 qui
741 2295 859 2345 longa
887 2308 955 2346 per
983 2309 1157 2346 aequora
1185 2296 1285 2336 vecti

163 2358 237 2397 hac
266 2360 415 2408 Tyron,
444 2359 517 2397 hac
547 2359 733 2409 profugos
763 2359 947 2409 posuistis
977 2362 1071 2399 sede
1102 2363 1270 2400 Penates
1286 2377 1296 2410 3

1438 498 1502 529 5¹0

1436 823 1499 855 515

1437 1147 1502 1179 5²0

1438 1470 1499 1503 5²5

1441 1796 1504 1827 530

1439 2119 1500 2151 535
