<?xml version="1.0" encoding="UTF-8"?>
<!DOCTYPE html PUBLIC "-//W3C//DTD XHTML 1.0 Transitional//EN"
    "http://www.w3.org/TR/xhtml1/DTD/xhtml1-transitional.dtd">
<html xmlns="http://www.w3.org/1999/xhtml" xml:lang="en" lang="en">
 <head>
  <title>
</title>
<meta http-equiv="Content-Type" content="text/html;charset=utf-8" />
  <meta name='ocr-system' content='tesseract 3.04.00' />
  <meta name='ocr-capabilities' content='ocr_page ocr_carea ocr_par ocr_line ocrx_word'/>
</head>
<body>
  <div class='ocr_page' id='page_1' title='image "./metamorphoseonli03oviduoft/metamorphoseonli03oviduoft_0043.png"; bbox 0 0 1747 2778; ppageno 0'>
   <div class='ocr_carea' id='block_1_1' title="bbox 437 141 1224 180">
    <p class='ocr_par' dir='ltr' id='par_1_1' title="bbox 437 141 1224 180">
     <span class='ocr_line' id='line_1_1' title="bbox 437 141 1224 180; baseline -0.003 0"><span class='ocrx_word' id='word_1_1' title='bbox 437 141 993 180; x_wconf 71' lang='lat' dir='ltr'>METAMORPHOSEON</span> <span class='ocrx_word' id='word_1_2' title='bbox 1026 142 1128 179; x_wconf 75' lang='lat' dir='ltr'>Llss.</span> <span class='ocrx_word' id='word_1_3' title='bbox 1162 143 1224 179; x_wconf 94' lang='lat' dir='ltr'><strong>III</strong></span> 
     </span>
    </p>
   </div>
   <div class='ocr_carea' id='block_1_2' title="bbox 158 250 1494 2440">
    <p class='ocr_par' dir='ltr' id='par_1_2' title="bbox 163 250 1326 366">
     <span class='ocr_line' id='line_1_2' title="bbox 163 250 1326 301; baseline -0.003 -11"><span class='ocrx_word' id='word_1_4' title='bbox 163 250 388 290; x_wconf 82' lang='lat' dir='ltr'>abstrahere</span> <span class='ocrx_word' id='word_1_5' title='bbox 419 252 511 290; x_wconf 90' lang='lat' dir='ltr'><strong>inde</strong></span> <span class='ocrx_word' id='word_1_6' title='bbox 541 258 696 301; x_wconf 89' lang='lat' dir='ltr'><strong>potest:</strong></span> <span class='ocrx_word' id='word_1_7' title='bbox 735 251 804 289; x_wconf 90' lang='lat' dir='ltr'><strong>sed</strong></span> <span class='ocrx_word' id='word_1_8' title='bbox 834 263 958 301; x_wconf 84' lang='lat' dir='ltr'><strong>opaca</strong></span> <span class='ocrx_word' id='word_1_9' title='bbox 988 251 1096 288; x_wconf 78' lang='lat' dir='ltr'><strong>fusus</strong></span> <span class='ocrx_word' id='word_1_10' title='bbox 1126 251 1165 288; x_wconf 89' lang='lat' dir='ltr'><strong>in</strong></span> <span class='ocrx_word' id='word_1_11' title='bbox 1195 250 1326 296; x_wconf 84' lang='lat' dir='ltr'><strong>herba,</strong></span> 
     </span>
     <span class='ocr_line' id='line_1_3' title="bbox 164 315 1197 366; baseline -0.002 -12"><span class='ocrx_word' id='word_1_12' title='bbox 164 323 315 366; x_wconf 88' lang='lat' dir='ltr'><strong>spectat</strong></span> <span class='ocrx_word' id='word_1_13' title='bbox 346 316 545 366; x_wconf 77' lang='lat' dir='ltr'><strong>inexpleto</strong></span> <span class='ocrx_word' id='word_1_14' title='bbox 575 316 810 355; x_wconf 88' lang='lat' dir='ltr'><strong>mendaeem</strong></span> <span class='ocrx_word' id='word_1_15' title='bbox 840 315 989 354; x_wconf 89' lang='lat' dir='ltr'><strong>lumine</strong></span> <span class='ocrx_word' id='word_1_16' title='bbox 1019 315 1197 362; x_wconf 87' lang='lat' dir='ltr'><strong>formam,</strong></span> 
     </span>
    </p>

    <p class='ocr_par' dir='ltr' id='par_1_3' title="bbox 162 380 1494 493">
     <span class='ocr_line' id='line_1_4' title="bbox 163 380 1494 431; baseline -0.001 -12"><span class='ocrx_word' id='word_1_17' title='bbox 163 394 311 431; x_wconf 87' lang='lat' dir='ltr'>perque</span> <span class='ocrx_word' id='word_1_18' title='bbox 338 382 475 419; x_wconf 89' lang='lat' dir='ltr'><strong>oculos</strong></span> <span class='ocrx_word' id='word_1_19' title='bbox 503 381 602 431; x_wconf 87' lang='lat' dir='ltr'><strong>perit</strong></span> <span class='ocrx_word' id='word_1_20' title='bbox 632 382 715 431; x_wconf 90' lang='lat' dir='ltr'><strong>ipse</strong></span> <span class='ocrx_word' id='word_1_21' title='bbox 745 393 848 427; x_wconf 88' lang='lat' dir='ltr'><strong>suos,</strong></span> <span class='ocrx_word' id='word_1_22' title='bbox 880 380 1122 430; x_wconf 85' lang='lat' dir='ltr'><strong>paulumque</strong></span> <span class='ocrx_word' id='word_1_23' title='bbox 1152 381 1302 418; x_wconf 88' lang='lat' dir='ltr'><strong>levatus</strong></span> <span class='ocrx_word' id='word_1_24' title='bbox 1431 397 1494 426; x_wconf 77' lang='lat'><strong>440</strong></span> 
     </span>
     <span class='ocr_line' id='line_1_5' title="bbox 162 444 1203 493; baseline -0.002 -9"><span class='ocrx_word' id='word_1_25' title='bbox 162 446 214 484; x_wconf 91' lang='lat' dir='ltr'><strong>ad</strong></span> <span class='ocrx_word' id='word_1_26' title='bbox 242 445 540 485; x_wconf 88' lang='lat' dir='ltr'><strong>circumstantes</strong></span> <span class='ocrx_word' id='word_1_27' title='bbox 567 446 735 484; x_wconf 88' lang='lat' dir='ltr'><strong>tendens</strong></span> <span class='ocrx_word' id='word_1_28' title='bbox 764 458 834 483; x_wconf 91' lang='lat' dir='ltr'><strong>sua</strong></span> <span class='ocrx_word' id='word_1_29' title='bbox 864 444 1048 483; x_wconf 85' lang='lat' dir='ltr'><strong>bracchia</strong></span> <span class='ocrx_word' id='word_1_30' title='bbox 1077 444 1203 493; x_wconf 87' lang='lat' dir='ltr'><strong>silvas,</strong></span> 
     </span>
    </p>

    <p class='ocr_par' dir='ltr' id='par_1_4' title="bbox 165 509 1203 561">
     <span class='ocr_line' id='line_1_6' title="bbox 165 509 1203 561; baseline -0.002 -12"><span class='ocrx_word' id='word_1_31' title='bbox 165 511 332 561; x_wconf 89' lang='lat' dir='ltr'><strong>‘ecquis‚</strong></span> <span class='ocrx_word' id='word_1_32' title='bbox 364 510 403 548; x_wconf 90' lang='lat' dir='ltr'><strong>io</strong></span> <span class='ocrx_word' id='word_1_33' title='bbox 432 510 561 558; x_wconf 88' lang='lat' dir='ltr'><strong>silvae,</strong></span> <span class='ocrx_word' id='word_1_34' title='bbox 593 509 814 549; x_wconf 88' lang='lat' dir='ltr'><strong>crudelius’</strong></span> <span class='ocrx_word' id='word_1_35' title='bbox 845 509 971 559; x_wconf 89' lang='lat' dir='ltr'><strong>inquit</strong></span> <span class='ocrx_word' id='word_1_36' title='bbox 1005 509 1203 547; x_wconf 54' lang='lat' dir='ltr'><strong>‘amai-it?</strong></span> 
     </span>
    </p>

    <p class='ocr_par' dir='ltr' id='par_1_5' title="bbox 161 573 1266 626">
     <span class='ocr_line' id='line_1_7' title="bbox 161 573 1266 626; baseline -0.002 -13"><span class='ocrx_word' id='word_1_37' title='bbox 161 574 287 626; x_wconf 90' lang='lat' dir='ltr'><strong>(scitis</strong></span> <span class='ocrx_word' id='word_1_38' title='bbox 316 575 434 622; x_wconf 89' lang='lat' dir='ltr'><strong>enim,</strong></span> <span class='ocrx_word' id='word_1_39' title='bbox 461 584 499 613; x_wconf 90' lang='lat' dir='ltr'><strong>et</strong></span> <span class='ocrx_word' id='word_1_40' title='bbox 530 574 662 613; x_wconf 87' lang='lat' dir='ltr'><strong>multis</strong></span> <span class='ocrx_word' id='word_1_41' title='bbox 691 574 840 613; x_wconf 85' lang='lat' dir='ltr'><strong>latebra</strong></span> <span class='ocrx_word' id='word_1_42' title='bbox 869 582 1091 624; x_wconf 85' lang='lat' dir='ltr'><strong>opportuna</strong></span> <span class='ocrx_word' id='word_1_43' title='bbox 1121 573 1266 625; x_wconf 80' lang='lat' dir='ltr'><strong>fuistis)</strong></span> 
     </span>
    </p>

    <p class='ocr_par' dir='ltr' id='par_1_6' title="bbox 162 639 1249 690">
     <span class='ocr_line' id='line_1_8' title="bbox 162 639 1249 690; baseline -0.001 -11"><span class='ocrx_word' id='word_1_44' title='bbox 162 653 340 690; x_wconf 89' lang='lat' dir='ltr'><strong>ecquem,</strong></span> <span class='ocrx_word' id='word_1_45' title='bbox 373 653 462 679; x_wconf 89' lang='lat' dir='ltr'><strong>cum</strong></span> <span class='ocrx_word' id='word_1_46' title='bbox 492 648 642 679; x_wconf 87' lang='lat' dir='ltr'><strong>vestrae</strong></span> <span class='ocrx_word' id='word_1_47' title='bbox 672 648 730 679; x_wconf 90' lang='lat' dir='ltr'><strong>tot</strong></span> <span class='ocrx_word' id='word_1_48' title='bbox 759 648 924 690; x_wconf 84' lang='lat' dir='ltr'><strong>agantur</strong></span> <span class='ocrx_word' id='word_1_49' title='bbox 953 641 1109 678; x_wconf 82' lang='lat' dir='ltr'><strong>saecula</strong></span> <span class='ocrx_word' id='word_1_50' title='bbox 1138 639 1249 685; x_wconf 86' lang='lat' dir='ltr'><strong>vitae,</strong></span> 
     </span>
    </p>

    <p class='ocr_par' dir='ltr' id='par_1_7' title="bbox 161 704 1494 820">
     <span class='ocr_line' id='line_1_9' title="bbox 162 704 1494 755; baseline -0.001 -12"><span class='ocrx_word' id='word_1_51' title='bbox 162 704 229 755; x_wconf 90' lang='lat' dir='ltr'><strong>qui</strong></span> <span class='ocrx_word' id='word_1_52' title='bbox 259 704 313 744; x_wconf 90' lang='lat' dir='ltr'><strong>sic</strong></span> <span class='ocrx_word' id='word_1_53' title='bbox 343 705 523 752; x_wconf 88' lang='lat' dir='ltr'><strong>tabuerit,</strong></span> <span class='ocrx_word' id='word_1_54' title='bbox 554 706 674 755; x_wconf 84' lang='lat' dir='ltr'><strong>longo</strong></span> <span class='ocrx_word' id='word_1_55' title='bbox 705 705 938 744; x_wconf 80' lang='lat' dir='ltr'>meministis</span> <span class='ocrx_word' id='word_1_56' title='bbox 969 706 1007 743; x_wconf 91' lang='lat' dir='ltr'><strong>in</strong></span> <span class='ocrx_word' id='word_1_57' title='bbox 1036 706 1166 743; x_wconf 86' lang='lat' dir='ltr'><strong>aevo?</strong></span> <span class='ocrx_word' id='word_1_58' title='bbox 1428 719 1494 751; x_wconf 87' lang='lat'><strong>445</strong></span> 
     </span>
     <span class='ocr_line' id='line_1_10' title="bbox 161 770 1319 820; baseline -0.002 -11"><span class='ocrx_word' id='word_1_59' title='bbox 161 777 200 809; x_wconf 90' lang='lat' dir='ltr'><strong>et</strong></span> <span class='ocrx_word' id='word_1_60' title='bbox 230 772 368 820; x_wconf 88' lang='lat' dir='ltr'><strong>placet,</strong></span> <span class='ocrx_word' id='word_1_61' title='bbox 399 778 438 809; x_wconf 94' lang='lat' dir='ltr'><strong>et</strong></span> <span class='ocrx_word' id='word_1_62' title='bbox 467 770 611 817; x_wconf 86' lang='lat' dir='ltr'><strong>video;</strong></span> <span class='ocrx_word' id='word_1_63' title='bbox 648 771 718 808; x_wconf 92' lang='lat' dir='ltr'><strong>sed</strong></span> <span class='ocrx_word' id='word_1_64' title='bbox 748 770 856 820; x_wconf 91' lang='lat' dir='ltr'><strong>quod</strong></span> <span class='ocrx_word' id='word_1_65' title='bbox 886 770 1083 818; x_wconf 90' lang='lat' dir='ltr'><strong>videoque</strong></span> <span class='ocrx_word' id='word_1_66' title='bbox 1113 771 1319 819; x_wconf 82' lang='lat' dir='ltr'>placetque</span> 
     </span>
    </p>

    <p class='ocr_par' dir='ltr' id='par_1_8' title="bbox 161 834 1372 951">
     <span class='ocr_line' id='line_1_11' title="bbox 161 834 1306 874; baseline -0.003 0"><span class='ocrx_word' id='word_1_67' title='bbox 161 848 242 874; x_wconf 88' lang='lat' dir='ltr'><strong>non</strong></span> <span class='ocrx_word' id='word_1_68' title='bbox 272 843 404 874; x_wconf 87' lang='lat' dir='ltr'><strong>tamen</strong></span> <span class='ocrx_word' id='word_1_69' title='bbox 434 834 619 874; x_wconf 87' lang='lat' dir='ltr'><strong>invenio:</strong></span> <span class='ocrx_word' id='word_1_70' title='bbox 659 842 790 873; x_wconf 90' lang='lat' dir='ltr'><strong>tantus</strong></span> <span class='ocrx_word' id='word_1_71' title='bbox 820 841 927 873; x_wconf 90' lang='lat' dir='ltr'><strong>tenet</strong></span> <span class='ocrx_word' id='word_1_72' title='bbox 956 846 1061 873; x_wconf 89' lang='lat' dir='ltr'><strong>error</strong></span> <span class='ocrx_word' id='word_1_73' title='bbox 1090 841 1306 872; x_wconf 87' lang='lat' dir='ltr'><strong>amantem.</strong></span> 
     </span>
     <span class='ocr_line' id='line_1_12' title="bbox 162 897 1372 951; baseline -0.004 -12"><span class='ocrx_word' id='word_1_74' title='bbox 162 913 322 951; x_wconf 88' lang='lat' dir='ltr'><strong>quoque</strong></span> <span class='ocrx_word' id='word_1_75' title='bbox 351 899 474 950; x_wconf 88' lang='lat' dir='ltr'><strong>magis</strong></span> <span class='ocrx_word' id='word_1_76' title='bbox 502 901 671 946; x_wconf 88' lang='lat' dir='ltr'><strong>doleam,</strong></span> <span class='ocrx_word' id='word_1_77' title='bbox 703 911 776 938; x_wconf 90' lang='lat' dir='ltr'><strong>nec</strong></span> <span class='ocrx_word' id='word_1_78' title='bbox 806 912 878 936; x_wconf 88' lang='lat' dir='ltr'><strong>nos</strong></span> <span class='ocrx_word' id='word_1_79' title='bbox 909 911 1014 937; x_wconf 88' lang='lat' dir='ltr'><strong>mare</strong></span> <span class='ocrx_word' id='word_1_80' title='bbox 1043 905 1195 948; x_wconf 87' lang='lat' dir='ltr'><strong>separat</strong></span> <span class='ocrx_word' id='word_1_81' title='bbox 1225 897 1372 947; x_wconf 80' lang='lat' dir='ltr'><strong>ingens,</strong></span> 
     </span>
    </p>

    <p class='ocr_par' dir='ltr' id='par_1_9' title="bbox 162 962 1251 1012">
     <span class='ocr_line' id='line_1_13' title="bbox 162 962 1251 1012; baseline -0.003 -8"><span class='ocrx_word' id='word_1_82' title='bbox 162 978 236 1004; x_wconf 88' lang='lat' dir='ltr'><strong>nec</strong></span> <span class='ocrx_word' id='word_1_83' title='bbox 265 966 326 1004; x_wconf 92' lang='lat' dir='ltr'><strong>via</strong></span> <span class='ocrx_word' id='word_1_84' title='bbox 355 977 428 1004; x_wconf 89' lang='lat' dir='ltr'><strong>nec</strong></span> <span class='ocrx_word' id='word_1_85' title='bbox 459 972 613 1002; x_wconf 87' lang='lat' dir='ltr'><strong>montes</strong></span> <span class='ocrx_word' id='word_1_86' title='bbox 644 976 716 1002; x_wconf 90' lang='lat' dir='ltr'><strong>nec</strong></span> <span class='ocrx_word' id='word_1_87' title='bbox 747 963 888 1002; x_wconf 86' lang='lat' dir='ltr'><strong>clausis</strong></span> <span class='ocrx_word' id='word_1_88' title='bbox 919 963 1077 1001; x_wconf 87' lang='lat' dir='ltr'><strong>moenia</strong></span> <span class='ocrx_word' id='word_1_89' title='bbox 1107 962 1251 1012; x_wconf 85' lang='lat' dir='ltr'><strong>portis:</strong></span> 
     </span>
    </p>

    <p class='ocr_par' dir='ltr' id='par_1_10' title="bbox 161 1026 1494 1145">
     <span class='ocr_line' id='line_1_14' title="bbox 161 1026 1494 1081; baseline -0.004 -12"><span class='ocrx_word' id='word_1_90' title='bbox 161 1029 300 1081; x_wconf 79' lang='lat' dir='ltr'><strong>exigua</strong></span> <span class='ocrx_word' id='word_1_91' title='bbox 328 1029 583 1080; x_wconf 85' lang='lat' dir='ltr'><strong>prohibemur</strong></span> <span class='ocrx_word' id='word_1_92' title='bbox 610 1041 722 1078; x_wconf 88' lang='lat' dir='ltr'><strong>aqua.</strong></span> <span class='ocrx_word' id='word_1_93' title='bbox 784 1029 891 1078; x_wconf 86' lang='lat' dir='ltr'><strong>cupit</strong></span> <span class='ocrx_word' id='word_1_94' title='bbox 922 1027 1006 1077; x_wconf 91' lang='lat' dir='ltr'><strong>ipse</strong></span> <span class='ocrx_word' id='word_1_95' title='bbox 1035 1026 1184 1066; x_wconf 88' lang='lat' dir='ltr'><strong>teneri:</strong></span> <span class='ocrx_word' id='word_1_96' title='bbox 1429 1043 1494 1074; x_wconf 84' lang='lat'><strong>450</strong></span> 
     </span>
     <span class='ocr_line' id='line_1_15' title="bbox 161 1090 1303 1145; baseline -0.004 -12"><span class='ocrx_word' id='word_1_97' title='bbox 161 1107 253 1134; x_wconf 91' lang='lat' dir='ltr'><strong>nam</strong></span> <span class='ocrx_word' id='word_1_98' title='bbox 283 1094 466 1145; x_wconf 85' lang='lat' dir='ltr'><strong>quotiens</strong></span> <span class='ocrx_word' id='word_1_99' title='bbox 497 1093 656 1144; x_wconf 86' lang='lat' dir='ltr'><strong>liquidis</strong></span> <span class='ocrx_word' id='word_1_100' title='bbox 686 1092 929 1143; x_wconf 85' lang='lat' dir='ltr'><strong>porreximus</strong></span> <span class='ocrx_word' id='word_1_101' title='bbox 959 1093 1093 1130; x_wconf 86' lang='lat' dir='ltr'><strong>oscula</strong></span> <span class='ocrx_word' id='word_1_102' title='bbox 1122 1090 1303 1142; x_wconf 85' lang='lat' dir='ltr'><strong>lymphis,</strong></span> 
     </span>
    </p>

    <p class='ocr_par' dir='ltr' id='par_1_11' title="bbox 161 1157 1059 1208">
     <span class='ocr_line' id='line_1_16' title="bbox 161 1157 1059 1208; baseline -0.004 -10"><span class='ocrx_word' id='word_1_103' title='bbox 161 1161 225 1198; x_wconf 89' lang='lat' dir='ltr'><strong>hie</strong></span> <span class='ocrx_word' id='word_1_104' title='bbox 254 1159 398 1199; x_wconf 89' lang='lat' dir='ltr'><strong>totiens</strong></span> <span class='ocrx_word' id='word_1_105' title='bbox 427 1160 479 1197; x_wconf 86' lang='lat' dir='ltr'><strong>ad</strong></span> <span class='ocrx_word' id='word_1_106' title='bbox 510 1172 573 1198; x_wconf 91' lang='lat' dir='ltr'><strong>me</strong></span> <span class='ocrx_word' id='word_1_107' title='bbox 602 1158 788 1208; x_wconf 91' lang='lat' dir='ltr'><strong>resupino</strong></span> <span class='ocrx_word' id='word_1_108' title='bbox 818 1157 953 1195; x_wconf 89' lang='lat' dir='ltr'><strong>nititur</strong></span> <span class='ocrx_word' id='word_1_109' title='bbox 981 1170 1059 1195; x_wconf 91' lang='lat' dir='ltr'><strong>ore.</strong></span> 
     </span>
    </p>

    <p class='ocr_par' dir='ltr' id='par_1_12' title="bbox 161 1220 1494 1535">
     <span class='ocr_line' id='line_1_17' title="bbox 161 1220 1492 1275; baseline -0.004 -11"><span class='ocrx_word' id='word_1_110' title='bbox 161 1237 278 1275; x_wconf 88' lang='lat' dir='ltr'><strong>posse</strong></span> <span class='ocrx_word' id='word_1_111' title='bbox 307 1232 421 1275; x_wconf 89' lang='lat' dir='ltr'><strong>putes</strong></span> <span class='ocrx_word' id='word_1_112' title='bbox 451 1223 583 1274; x_wconf 87' lang='lat' dir='ltr'><strong>tangi:</strong></span> <span class='ocrx_word' id='word_1_113' title='bbox 615 1222 822 1261; x_wconf 90' lang='lat' dir='ltr'><strong>minimum</strong></span> <span class='ocrx_word' id='word_1_114' title='bbox 854 1230 924 1269; x_wconf 90' lang='lat' dir='ltr'><strong>est,</strong></span> <span class='ocrx_word' id='word_1_115' title='bbox 955 1222 1064 1272; x_wconf 90' lang='lat' dir='ltr'><strong>quod</strong></span> <span class='ocrx_word' id='word_1_116' title='bbox 1094 1220 1320 1259; x_wconf 88' lang='lat' dir='ltr'><strong>amantibus</strong></span> <span class='ocrx_word' id='word_1_117' title='bbox 1351 1220 1492 1259; x_wconf 88' lang='lat' dir='ltr'><strong>obstat.</strong></span> 
     </span>
     <span class='ocr_line' id='line_1_18' title="bbox 161 1285 1332 1340; baseline -0.003 -12"><span class='ocrx_word' id='word_1_118' title='bbox 161 1289 339 1340; x_wconf 85' lang='lat' dir='ltr'><strong>quisquis</strong></span> <span class='ocrx_word' id='word_1_119' title='bbox 368 1302 421 1337; x_wconf 87' lang='lat' dir='ltr'><strong>es,</strong></span> <span class='ocrx_word' id='word_1_120' title='bbox 452 1290 530 1327; x_wconf 90' lang='lat' dir='ltr'><strong>huc</strong></span> <span class='ocrx_word' id='word_1_121' title='bbox 561 1287 648 1327; x_wconf 79' lang='lat' dir='ltr'><strong>exi!</strong></span> <span class='ocrx_word' id='word_1_122' title='bbox 687 1287 783 1338; x_wconf 87' lang='lat' dir='ltr'><strong>quid</strong></span> <span class='ocrx_word' id='word_1_123' title='bbox 815 1299 889 1334; x_wconf 89' lang='lat' dir='ltr'><strong>me,</strong></span> <span class='ocrx_word' id='word_1_124' title='bbox 921 1299 1017 1337; x_wconf 87' lang='lat' dir='ltr'><strong>puer</strong></span> <span class='ocrx_word' id='word_1_125' title='bbox 1046 1285 1172 1333; x_wconf 86' lang='lat' dir='ltr'><strong>unice,</strong></span> <span class='ocrx_word' id='word_1_126' title='bbox 1205 1287 1332 1324; x_wconf 86' lang='lat' dir='ltr'><strong>fallis?</strong></span> 
     </span>
     <span class='ocr_line' id='line_1_19' title="bbox 161 1353 1494 1406; baseline -0.006 -12"><span class='ocrx_word' id='word_1_127' title='bbox 161 1367 291 1406; x_wconf 89' lang='lat' dir='ltr'><strong>quove</strong></span> <span class='ocrx_word' id='word_1_128' title='bbox 320 1354 464 1405; x_wconf 87' lang='lat' dir='ltr'><strong>petitus</strong></span> <span class='ocrx_word' id='word_1_129' title='bbox 493 1353 610 1392; x_wconf 87' lang='lat' dir='ltr'><strong>abis?</strong></span> <span class='ocrx_word' id='word_1_130' title='bbox 648 1360 752 1392; x_wconf 89' lang='lat' dir='ltr'><strong>certe</strong></span> <span class='ocrx_word' id='word_1_131' title='bbox 783 1365 856 1391; x_wconf 89' lang='grc' dir='ltr'><strong>ηερ</strong></span> <span class='ocrx_word' id='word_1_132' title='bbox 886 1353 1011 1390; x_wconf 85' lang='lat' dir='ltr'><strong>forma</strong></span> <span class='ocrx_word' id='word_1_133' title='bbox 1039 1363 1113 1389; x_wconf 87' lang='lat' dir='ltr'><strong>nec</strong></span> <span class='ocrx_word' id='word_1_134' title='bbox 1142 1358 1248 1388; x_wconf 83' lang='lat' dir='ltr'><strong>aetas</strong></span> <span class='ocrx_word' id='word_1_135' title='bbox 1431 1365 1494 1398; x_wconf 75' lang='lat'><strong>455</strong></span> 
     </span>
     <span class='ocr_line' id='line_1_20' title="bbox 161 1415 1453 1469; baseline -0.004 -11"><span class='ocrx_word' id='word_1_136' title='bbox 161 1428 219 1459; x_wconf 90' lang='lat' dir='ltr'><strong>est</strong></span> <span class='ocrx_word' id='word_1_137' title='bbox 250 1431 338 1458; x_wconf 88' lang='lat' dir='ltr'><strong>mea</strong></span> <span class='ocrx_word' id='word_1_138' title='bbox 366 1431 486 1469; x_wconf 88' lang='lat' dir='ltr'><strong>quam</strong></span> <span class='ocrx_word' id='word_1_139' title='bbox 515 1417 651 1468; x_wconf 48' lang='lat' dir='ltr'><strong>fugias</strong></span> <span class='ocrx_word' id='word_1_140' title='bbox 684 1425 722 1456; x_wconf 92' lang='lat' dir='ltr'><strong>et</strong></span> <span class='ocrx_word' id='word_1_141' title='bbox 751 1424 932 1455; x_wconf 83' lang='lat' dir='ltr'><strong>amarunt</strong></span> <span class='ocrx_word' id='word_1_142' title='bbox 962 1429 1026 1455; x_wconf 88' lang='lat' dir='ltr'><strong>me</strong></span> <span class='ocrx_word' id='word_1_143' title='bbox 1056 1428 1216 1465; x_wconf 89' lang='lat' dir='ltr'><strong>quoque</strong></span> <span class='ocrx_word' id='word_1_144' title='bbox 1245 1415 1453 1465; x_wconf 86' lang='lat' dir='ltr'><strong>nymphae.</strong></span> 
     </span>
     <span class='ocr_line' id='line_1_21' title="bbox 161 1480 1249 1535; baseline -0.006 -12"><span class='ocrx_word' id='word_1_145' title='bbox 161 1497 273 1535; x_wconf 90' lang='lat' dir='ltr'><strong>spem</strong></span> <span class='ocrx_word' id='word_1_146' title='bbox 302 1483 399 1522; x_wconf 91' lang='lat' dir='ltr'><strong>mihi</strong></span> <span class='ocrx_word' id='word_1_147' title='bbox 428 1482 564 1521; x_wconf 90' lang='lat' dir='ltr'><strong>nescio</strong></span> <span class='ocrx_word' id='word_1_148' title='bbox 593 1496 713 1533; x_wconf 89' lang='lat' dir='ltr'><strong>quam</strong></span> <span class='ocrx_word' id='word_1_149' title='bbox 744 1483 854 1520; x_wconf 87' lang='lat' dir='ltr'><strong>vultu</strong></span> <span class='ocrx_word' id='word_1_150' title='bbox 885 1480 1080 1531; x_wconf 89' lang='lat' dir='ltr'><strong>promittis</strong></span> <span class='ocrx_word' id='word_1_151' title='bbox 1108 1480 1249 1527; x_wconf 87' lang='lat' dir='ltr'><strong>amico,</strong></span> 
     </span>
    </p>

    <p class='ocr_par' dir='ltr' id='par_1_13' title="bbox 160 1544 1291 1599">
     <span class='ocr_line' id='line_1_22' title="bbox 160 1544 1291 1599; baseline -0.005 -12"><span class='ocrx_word' id='word_1_152' title='bbox 160 1560 332 1599; x_wconf 89' lang='lat' dir='ltr'><strong>cumque</strong></span> <span class='ocrx_word' id='word_1_153' title='bbox 361 1561 434 1599; x_wconf 88' lang='lat' dir='ltr'><strong>ego</strong></span> <span class='ocrx_word' id='word_1_154' title='bbox 463 1547 613 1599; x_wconf 85' lang='lat' dir='ltr'><strong>porrexi</strong></span> <span class='ocrx_word' id='word_1_155' title='bbox 644 1546 716 1585; x_wconf 91' lang='lat' dir='ltr'><strong>tibi</strong></span> <span class='ocrx_word' id='word_1_156' title='bbox 745 1545 938 1593; x_wconf 84' lang='lat' dir='ltr'><strong>bracchia,</strong></span> <span class='ocrx_word' id='word_1_157' title='bbox 971 1544 1133 1595; x_wconf 89' lang='lat' dir='ltr'><strong>porrigis</strong></span> <span class='ocrx_word' id='word_1_158' title='bbox 1163 1546 1291 1583; x_wconf 89' lang='lat' dir='ltr'><strong>ultro:</strong></span> 
     </span>
    </p>

    <p class='ocr_par' dir='ltr' id='par_1_14' title="bbox 160 1609 1287 1661">
     <span class='ocr_line' id='line_1_23' title="bbox 160 1609 1287 1661; baseline -0.005 -8"><span class='ocrx_word' id='word_1_159' title='bbox 160 1627 251 1653; x_wconf 92' lang='lat' dir='ltr'><strong>cum</strong></span> <span class='ocrx_word' id='word_1_160' title='bbox 281 1613 357 1661; x_wconf 90' lang='lat' dir='ltr'><strong>risi,</strong></span> <span class='ocrx_word' id='word_1_161' title='bbox 387 1613 568 1652; x_wconf 88' lang='lat' dir='ltr'><strong>adrides:</strong></span> <span class='ocrx_word' id='word_1_162' title='bbox 609 1611 788 1650; x_wconf 85' lang='lat' dir='ltr'><strong>lacrimas</strong></span> <span class='ocrx_word' id='word_1_163' title='bbox 817 1623 978 1661; x_wconf 88' lang='lat' dir='ltr'><strong>quoque</strong></span> <span class='ocrx_word' id='word_1_164' title='bbox 1007 1623 1125 1659; x_wconf 84' lang='lat' dir='ltr'><strong>saepe</strong></span> <span class='ocrx_word' id='word_1_165' title='bbox 1154 1609 1287 1648; x_wconf 88' lang='lat' dir='ltr'><strong>notavi</strong></span> 
     </span>
    </p>

    <p class='ocr_par' dir='ltr' id='par_1_15' title="bbox 159 1673 1493 1793">
     <span class='ocr_line' id='line_1_24' title="bbox 162 1673 1493 1725; baseline -0.005 -8"><span class='ocrx_word' id='word_1_166' title='bbox 162 1691 225 1718; x_wconf 88' lang='lat' dir='ltr'><strong>me</strong></span> <span class='ocrx_word' id='word_1_167' title='bbox 253 1677 482 1717; x_wconf 86' lang='lat' dir='ltr'><strong>lacrimante</strong></span> <span class='ocrx_word' id='word_1_168' title='bbox 512 1686 608 1724; x_wconf 88' lang='lat' dir='ltr'><strong>tuas,</strong></span> <span class='ocrx_word' id='word_1_169' title='bbox 641 1684 739 1714; x_wconf 91' lang='lat' dir='ltr'><strong>nutu</strong></span> <span class='ocrx_word' id='word_1_170' title='bbox 770 1687 931 1725; x_wconf 93' lang='lat' dir='ltr'><strong>quoque</strong></span> <span class='ocrx_word' id='word_1_171' title='bbox 961 1674 1071 1724; x_wconf 85' lang='lat' dir='ltr'><strong>signa</strong></span> <span class='ocrx_word' id='word_1_172' title='bbox 1101 1673 1275 1720; x_wconf 87' lang='lat' dir='ltr'><strong>remittis,</strong></span> <span class='ocrx_word' id='word_1_173' title='bbox 1426 1679 1493 1720; x_wconf 86' lang='lat'><strong>460</strong></span> 
     </span>
     <span class='ocr_line' id='line_1_25' title="bbox 159 1738 1080 1793; baseline -0.007 -11"><span class='ocrx_word' id='word_1_174' title='bbox 159 1751 198 1782; x_wconf 88' lang='lat' dir='ltr'><strong>et</strong></span> <span class='ocrx_word' id='word_1_175' title='bbox 227 1750 420 1793; x_wconf 86' lang='lat' dir='ltr'><strong>quantum</strong></span> <span class='ocrx_word' id='word_1_176' title='bbox 451 1749 562 1780; x_wconf 89' lang='lat' dir='ltr'><strong>motu</strong></span> <span class='ocrx_word' id='word_1_177' title='bbox 592 1739 755 1779; x_wconf 88' lang='lat' dir='ltr'><strong>formosi</strong></span> <span class='ocrx_word' id='word_1_178' title='bbox 785 1739 963 1789; x_wconf 85' lang='lat' dir='ltr'><strong>suspicor</strong></span> <span class='ocrx_word' id='word_1_179' title='bbox 993 1738 1080 1786; x_wconf 91' lang='lat' dir='ltr'><strong>oris,</strong></span> 
     </span>
    </p>

    <p class='ocr_par' dir='ltr' id='par_1_16' title="bbox 160 1803 1167 1855">
     <span class='ocr_line' id='line_1_26' title="bbox 160 1803 1167 1855; baseline -0.007 -8"><span class='ocrx_word' id='word_1_180' title='bbox 160 1808 278 1848; x_wconf 84' lang='lat' dir='ltr'><strong>verba</strong></span> <span class='ocrx_word' id='word_1_181' title='bbox 306 1808 423 1847; x_wconf 84' lang='lat' dir='ltr'><strong>refers</strong></span> <span class='ocrx_word' id='word_1_182' title='bbox 451 1819 565 1845; x_wconf 89' lang='lat' dir='ltr'><strong>aures</strong></span> <span class='ocrx_word' id='word_1_183' title='bbox 595 1819 676 1844; x_wconf 90' lang='lat' dir='ltr'><strong>non</strong></span> <span class='ocrx_word' id='word_1_184' title='bbox 707 1803 975 1855; x_wconf 88' lang='lat' dir='ltr'><strong>pervenientia</strong></span> <span class='ocrx_word' id='word_1_185' title='bbox 1004 1810 1167 1841; x_wconf 86' lang='lat' dir='ltr'><strong>nostras.</strong></span> 
     </span>
    </p>

    <p class='ocr_par' dir='ltr' id='par_1_17' title="bbox 160 1867 1244 1923">
     <span class='ocr_line' id='line_1_27' title="bbox 160 1867 1244 1923; baseline -0.007 -11"><span class='ocrx_word' id='word_1_186' title='bbox 160 1873 232 1912; x_wconf 87' lang='lat' dir='ltr'><strong>iste</strong></span> <span class='ocrx_word' id='word_1_187' title='bbox 261 1886 335 1923; x_wconf 87' lang='lat' dir='ltr'><strong>ego</strong></span> <span class='ocrx_word' id='word_1_188' title='bbox 363 1875 474 1911; x_wconf 83' lang='lat' dir='ltr'><strong>sum!</strong></span> <span class='ocrx_word' id='word_1_189' title='bbox 513 1870 630 1918; x_wconf 85' lang='lat' dir='ltr'><strong>sensi,</strong></span> <span class='ocrx_word' id='word_1_190' title='bbox 662 1883 734 1908; x_wconf 90' lang='grc' dir='ltr'><strong>ηερ</strong></span> <span class='ocrx_word' id='word_1_191' title='bbox 766 1882 830 1908; x_wconf 89' lang='lat' dir='ltr'><strong>me</strong></span> <span class='ocrx_word' id='word_1_192' title='bbox 858 1881 948 1907; x_wconf 90' lang='lat' dir='ltr'><strong>mea</strong></span> <span class='ocrx_word' id='word_1_193' title='bbox 977 1867 1073 1906; x_wconf 89' lang='lat' dir='ltr'><strong>fallit</strong></span> <span class='ocrx_word' id='word_1_194' title='bbox 1103 1867 1244 1917; x_wconf 87' lang='lat' dir='ltr'><strong>imago.</strong></span> 
     </span>
    </p>

    <p class='ocr_par' dir='ltr' id='par_1_18' title="bbox 160 1930 1194 1981">
     <span class='ocr_line' id='line_1_28' title="bbox 160 1930 1194 1981; baseline -0.006 -8"><span class='ocrx_word' id='word_1_195' title='bbox 160 1948 250 1973; x_wconf 87' lang='lat' dir='ltr'><strong>uror</strong></span> <span class='ocrx_word' id='word_1_196' title='bbox 277 1947 411 1973; x_wconf 91' lang='lat' dir='ltr'><strong>amore</strong></span> <span class='ocrx_word' id='word_1_197' title='bbox 440 1933 529 1981; x_wconf 87' lang='lat' dir='ltr'><strong>mei,</strong></span> <span class='ocrx_word' id='word_1_198' title='bbox 562 1933 742 1971; x_wconf 85' lang='lat' dir='ltr'><strong>flammas</strong></span> <span class='ocrx_word' id='word_1_199' title='bbox 772 1943 992 1981; x_wconf 89' lang='lat' dir='ltr'><strong>moveoque</strong></span> <span class='ocrx_word' id='word_1_200' title='bbox 1022 1930 1194 1979; x_wconf 89' lang='lat' dir='ltr'><strong>feroque.</strong></span> 
     </span>
    </p>

    <p class='ocr_par' dir='ltr' id='par_1_19' title="bbox 159 1993 1492 2116">
     <span class='ocr_line' id='line_1_29' title="bbox 160 1993 1492 2050; baseline -0.007 -11"><span class='ocrx_word' id='word_1_201' title='bbox 160 2000 256 2050; x_wconf 88' lang='lat' dir='ltr'><strong>quid</strong></span> <span class='ocrx_word' id='word_1_202' title='bbox 276 1999 447 2038; x_wconf 87' lang='lat' dir='ltr'><strong>faciam?</strong></span> <span class='ocrx_word' id='word_1_203' title='bbox 475 2010 597 2047; x_wconf 87' lang='lat' dir='ltr'><strong>roger,</strong></span> <span class='ocrx_word' id='word_1_204' title='bbox 620 2009 724 2035; x_wconf 88' lang='lat' dir='ltr'><strong>anne</strong></span> <span class='ocrx_word' id='word_1_205' title='bbox 744 1996 909 2046; x_wconf 88' lang='lat' dir='ltr'><strong>rogem?</strong></span> <span class='ocrx_word' id='word_1_206' title='bbox 938 1993 1035 2044; x_wconf 89' lang='lat' dir='ltr'><strong>quid</strong></span> <span class='ocrx_word' id='word_1_207' title='bbox 1055 1993 1203 2032; x_wconf 91' lang='lat' dir='ltr'><strong>deinde</strong></span> <span class='ocrx_word' id='word_1_208' title='bbox 1223 1993 1400 2043; x_wconf 85' lang='lat' dir='ltr'><strong>rogabo?</strong></span> <span class='ocrx_word' id='word_1_209' title='bbox 1427 2000 1469 2040; x_wconf 88' lang='lat'><strong>46</strong></span> <span class='ocrx_word' id='word_1_210' title='bbox 1475 2010 1492 2040; x_wconf 78' lang='lat'>5</span> 
     </span>
     <span class='ocr_line' id='line_1_30' title="bbox 159 2058 1283 2116; baseline -0.007 -12"><span class='ocrx_word' id='word_1_211' title='bbox 159 2066 268 2116; x_wconf 87' lang='lat' dir='ltr'><strong>quod</strong></span> <span class='ocrx_word' id='word_1_212' title='bbox 297 2064 414 2114; x_wconf 88' lang='lat' dir='ltr'><strong>cupio</strong></span> <span class='ocrx_word' id='word_1_213' title='bbox 445 2075 600 2101; x_wconf 89' lang='lat' dir='ltr'><strong>mecum</strong></span> <span class='ocrx_word' id='word_1_214' title='bbox 631 2069 713 2101; x_wconf 87' lang='lat' dir='ltr'><strong>est:</strong></span> <span class='ocrx_word' id='word_1_215' title='bbox 752 2061 912 2111; x_wconf 91' lang='lat' dir='ltr'><strong>inopem</strong></span> <span class='ocrx_word' id='word_1_216' title='bbox 945 2072 1007 2098; x_wconf 87' lang='lat' dir='ltr'><strong>rne</strong></span> <span class='ocrx_word' id='word_1_217' title='bbox 1036 2058 1151 2109; x_wconf 84' lang='lat' dir='ltr'><strong>copia</strong></span> <span class='ocrx_word' id='word_1_218' title='bbox 1181 2058 1283 2097; x_wconf 86' lang='lat' dir='ltr'><strong>fecit.</strong></span> 
     </span>
    </p>

    <p class='ocr_par' dir='ltr' id='par_1_20' title="bbox 159 2126 1198 2175">
     <span class='ocr_line' id='line_1_31' title="bbox 159 2126 1198 2175; baseline -0.007 -7"><span class='ocrx_word' id='word_1_219' title='bbox 159 2143 184 2168; x_wconf 95' lang='lat' dir='ltr'><strong>o</strong></span> <span class='ocrx_word' id='word_1_220' title='bbox 213 2131 363 2168; x_wconf 89' lang='lat' dir='ltr'><strong>utinam</strong></span> <span class='ocrx_word' id='word_1_221' title='bbox 392 2142 415 2167; x_wconf 93' lang='lat' dir='ltr'><strong>a</strong></span> <span class='ocrx_word' id='word_1_222' title='bbox 445 2136 579 2167; x_wconf 89' lang='lat' dir='ltr'><strong>nostro</strong></span> <span class='ocrx_word' id='word_1_223' title='bbox 609 2127 793 2165; x_wconf 85' lang='lat' dir='ltr'><strong>secedere</strong></span> <span class='ocrx_word' id='word_1_224' title='bbox 822 2137 986 2175; x_wconf 90' lang='lat' dir='ltr'><strong>corpore</strong></span> <span class='ocrx_word' id='word_1_225' title='bbox 1016 2126 1198 2174; x_wconf 78' lang='lat' dir='ltr'><strong>possem!</strong></span> 
     </span>
    </p>

    <p class='ocr_par' dir='ltr' id='par_1_21' title="bbox 159 2187 1480 2310">
     <span class='ocr_line' id='line_1_32' title="bbox 159 2187 1480 2239; baseline -0.006 -6"><span class='ocrx_word' id='word_1_226' title='bbox 159 2202 295 2234; x_wconf 90' lang='lat' dir='ltr'><strong>votum</strong></span> <span class='ocrx_word' id='word_1_227' title='bbox 324 2193 365 2232; x_wconf 90' lang='lat' dir='ltr'><strong>in</strong></span> <span class='ocrx_word' id='word_1_228' title='bbox 393 2200 551 2231; x_wconf 87' lang='lat' dir='ltr'><strong>amante</strong></span> <span class='ocrx_word' id='word_1_229' title='bbox 580 2204 739 2239; x_wconf 91' lang='lat' dir='ltr'><strong>novum,</strong></span> <span class='ocrx_word' id='word_1_230' title='bbox 769 2191 922 2237; x_wconf 87' lang='lat' dir='ltr'><strong>vellem,</strong></span> <span class='ocrx_word' id='word_1_231' title='bbox 954 2189 1063 2239; x_wconf 88' lang='lat' dir='ltr'><strong>quod</strong></span> <span class='ocrx_word' id='word_1_232' title='bbox 1091 2201 1285 2235; x_wconf 83' lang='lat' dir='ltr'><strong>amamus,</strong></span> <span class='ocrx_word' id='word_1_233' title='bbox 1313 2187 1480 2226; x_wconf 86' lang='lat' dir='ltr'><strong>abesset.</strong></span> 
     </span>
     <span class='ocr_line' id='line_1_33' title="bbox 159 2254 1210 2310; baseline -0.008 -12"><span class='ocrx_word' id='word_1_234' title='bbox 159 2259 317 2310; x_wconf 90' lang='lat' dir='ltr'><strong>iamque</strong></span> <span class='ocrx_word' id='word_1_235' title='bbox 346 2258 460 2297; x_wconf 91' lang='lat' dir='ltr'><strong>dolor</strong></span> <span class='ocrx_word' id='word_1_236' title='bbox 488 2257 587 2295; x_wconf 88' lang='lat' dir='ltr'><strong>vires</strong></span> <span class='ocrx_word' id='word_1_237' title='bbox 616 2256 767 2303; x_wconf 83' lang='lat' dir='ltr'><strong>adimit,</strong></span> <span class='ocrx_word' id='word_1_238' title='bbox 799 2267 872 2293; x_wconf 91' lang='lat' dir='ltr'><strong>nec</strong></span> <span class='ocrx_word' id='word_1_239' title='bbox 902 2262 1080 2302; x_wconf 86' lang='lat' dir='ltr'><strong>tempora</strong></span> <span class='ocrx_word' id='word_1_240' title='bbox 1108 2254 1210 2291; x_wconf 88' lang='lat' dir='ltr'><strong>vitae</strong></span> 
     </span>
    </p>

    <p class='ocr_par' dir='ltr' id='par_1_22' title="bbox 158 2317 1494 2440">
     <span class='ocr_line' id='line_1_34' title="bbox 158 2317 1494 2375; baseline -0.007 -12"><span class='ocrx_word' id='word_1_241' title='bbox 158 2326 276 2375; x_wconf 87' lang='lat' dir='ltr'><strong>longa</strong></span> <span class='ocrx_word' id='word_1_242' title='bbox 305 2335 416 2362; x_wconf 89' lang='lat' dir='ltr'><strong>meae</strong></span> <span class='ocrx_word' id='word_1_243' title='bbox 445 2329 643 2372; x_wconf 85' lang='lat' dir='ltr'><strong>superant,</strong></span> <span class='ocrx_word' id='word_1_244' title='bbox 676 2321 883 2370; x_wconf 90' lang='lat' dir='ltr'><strong>primoque</strong></span> <span class='ocrx_word' id='word_1_245' title='bbox 910 2319 1136 2367; x_wconf 85' lang='lat' dir='ltr'><strong>exstinguor</strong></span> <span class='ocrx_word' id='word_1_246' title='bbox 1165 2317 1204 2355; x_wconf 91' lang='lat' dir='ltr'><strong>in</strong></span> <span class='ocrx_word' id='word_1_247' title='bbox 1232 2330 1341 2356; x_wconf 85' lang='lat' dir='ltr'><strong>aevo.</strong></span> <span class='ocrx_word' id='word_1_248' title='bbox 1427 2333 1494 2365; x_wconf 71' lang='lat'><strong>470</strong></span> 
     </span>
     <span class='ocr_line' id='line_1_35' title="bbox 160 2383 1296 2440; baseline -0.01 -11"><span class='ocrx_word' id='word_1_249' title='bbox 160 2404 233 2431; x_wconf 91' lang='grc' dir='ltr'><strong>ηερ</strong></span> <span class='ocrx_word' id='word_1_250' title='bbox 264 2389 359 2428; x_wconf 89' lang='lat' dir='ltr'><strong>mihi</strong></span> <span class='ocrx_word' id='word_1_251' title='bbox 392 2400 496 2425; x_wconf 88' lang='lat' dir='ltr'><strong>mors</strong></span> <span class='ocrx_word' id='word_1_252' title='bbox 525 2386 650 2436; x_wconf 89' lang='lat' dir='ltr'><strong>gravis</strong></span> <span class='ocrx_word' id='word_1_253' title='bbox 681 2394 738 2424; x_wconf 91' lang='lat' dir='ltr'><strong>est</strong></span> <span class='ocrx_word' id='word_1_254' title='bbox 768 2384 944 2440; x_wconf 87' lang='lat' dir='ltr'><strong>posituro</strong></span> <span class='ocrx_word' id='word_1_255' title='bbox 976 2390 1101 2421; x_wconf 87' lang='lat' dir='ltr'><strong>morte</strong></span> <span class='ocrx_word' id='word_1_256' title='bbox 1129 2383 1296 2420; x_wconf 59' lang='lat' dir='ltr'><strong>dolores</strong></span> 
     </span>
    </p>
   </div>
  </div>
 </body>
</html>
