1747 2620
596 70 635 105 P.
669 68 830 105 OVIDI
863 67 1103 105 NASONIS

190 191 264 217 vox
297 185 456 225 manet;
495 190 582 215 ossa
614 178 741 215 serunt
772 175 913 226 lapidis
943 174 1103 214 traxisse
1135 176 1307 226 figuram.

192 241 301 295 [inde
332 244 424 281 latet
454 241 558 279 silvis
588 242 777 290 nulloque
807 241 845 278 in
878 248 1013 279 monte
1042 240 1219 288 videturj
1461 254 1526 284 400

191 307 376 346 omnibus
405 308 589 354 auditur;
629 319 749 344 sonus
779 313 848 353 est,
881 305 947 355 qui
978 305 1070 343 vivit
1100 305 1140 343 in
1170 303 1264 356 illa.]

191 373 278 410 fons
309 379 389 410 erat
419 371 549 409 illimis
580 371 714 410 nitidis
743 378 950 421 argenteus
981 371 1111 418 undis,

190 451 307 488 quern
339 450 468 487 neque
498 444 674 487 pastores
703 449 833 486 neque
862 443 997 486 pastae
1027 443 1162 474 rnonte
1193 436 1367 485 capellae

191 503 448 552 contigerant,
479 502 636 540 aliudve
665 514 786 552 pecus
802 516 811 549 ;
850 514 969 551 quern
999 502 1106 539 nulla
1135 502 1302 539 volucris

191 581 264 606 nec
293 569 373 606 fera
402 567 585 613 turbarat,
618 580 691 606 nec
721 568 852 617 lapsus
881 567 932 605 ab
961 567 1100 604 arbore
1130 579 1270 604 ramus.
1463 580 1527 611 410

190 646 350 683 gramen
381 641 461 671 erat
491 632 604 679 circa,
637 632 746 681 quod
777 632 978 681 proximus
1007 643 1121 669 unior
1150 631 1290 678 alebat,

191 698 379 747 silvaque,
397 698 479 735 sole
508 698 640 734 locum
672 708 833 745 passura
862 703 1063 745 tepescere
1093 696 1215 733 nuno.

191 763 255 801 hic
285 776 380 812 puer
410 769 448 800 et
477 760 610 799 studio
641 761 813 799 venandi
844 761 967 798 lassus
997 767 1035 798 et
1064 767 1174 798 aestu

192 826 412 878 procubuit,
446 827 668 876 faciemque
697 825 775 864 loci
805 827 1038 875 fontemque
1067 833 1235 865 secutus.

191 895 370 942 dumque
400 891 504 930 sitim
535 892 671 930 sedare
701 891 820 941 cupit,
854 890 937 930 sitis
967 892 1086 929 altera
1115 892 1260 938 crevit3
1462 905 1528 937 4¹5

192 960 370 1007 dumque
399 957 510 1004 bibit,
542 956 648 995 visae
678 964 879 1006 correptus
909 955 1078 1006 imagine
1109 958 1256 995 formae

192 1037 302 1073 spem
320 1022 403 1061 sine
424 1035 587 1072 corpore
603 1029 709 1060 amat
726 1036 736 1069 3
765 1034 906 1071 corpus
926 1028 1037 1071 putat
1059 1034 1154 1068 esse,
1172 1023 1279 1072 quod
1301 1021 1440 1060 umbra
1457 1029 1526 1059 est.

194 1096 349 1138 astupet
381 1087 463 1138 ipse
494 1086 579 1134 sibi,
612 1088 802 1136 vultuque
833 1086 1021 1125 immotus
1052 1088 1193 1125 eodem

192 1155 335 1199 haeret,
368 1161 409 1191 ut
440 1165 460 1190 e
492 1150 606 1190 Pario
635 1152 846 1190 formatum
879 1164 1073 1190 marmore
1103 1151 1269 1201 signum.

192 1226 343 1270 spectat
374 1218 482 1256 humi
514 1218 665 1267 positus
694 1215 909 1266 geminum,
942 1229 1010 1254 sua
1040 1216 1200 1263 lumina,
1234 1216 1354 1264 sidus,
1462 1232 1527 1263 420

193 1292 231 1323 et
261 1283 402 1333 dignos
434 1283 609 1330 Baccho,
638 1281 780 1332 dignos
810 1289 847 1320 et
878 1281 1064 1331 Apolline
1094 1280 1220 1320 crines

194 1350 456 1399 impubesque
484 1361 605 1398 genas
635 1355 673 1386 et
703 1347 878 1386 eburnea
907 1348 1009 1384 colla
1038 1348 1240 1396 decusque

193 1415 269 1454 oris
300 1422 337 1453 et
367 1413 407 1452 in
436 1413 553 1452 niveo
583 1413 749 1451 mixtum
780 1413 953 1451 candore
983 1413 1166 1450 ruborem
1183 1426 1192 1459 ;

193 1487 416 1529 cunctaque
446 1478 607 1516 miratur
637 1477 781 1527 quibus
810 1484 868 1516 est
899 1476 1086 1515 mirabilis
1116 1476 1210 1527 ipse.

194 1559 234 1584 se
264 1544 373 1594 cupit
403 1544 644 1593 imprudens,
676 1550 714 1580 et
744 1543 811 1592 qui
842 1542 993 1591 probat,
1026 1541 1109 1592 ipse
1139 1543 1336 1591 probatur,
1463 1557 1527 1589 425

194 1612 372 1660 dumque
401 1608 509 1659 petit,
541 1607 713 1658 petitur,
752 1606 976 1657 pariterque
1004 1606 1187 1646 accendit
1217 1614 1254 1645 et
1283 1608 1404 1645 ardet.

194 1675 298 1713 irrita
327 1673 455 1713 fallaci
486 1674 670 1723 quotiens
700 1671 810 1711 dedit
840 1673 975 1710 oscula
1005 1671 1126 1710 fonti!

195 1741 234 1778 in
264 1739 404 1778 mediis
434 1739 619 1789 quotiens
649 1737 776 1775 visum
807 1737 1005 1787 captantia
1035 1738 1182 1775 collum

195 1804 379 1843 bracchia
410 1805 541 1842 mersit
570 1802 695 1853 aquis,
726 1815 800 1841 nec
830 1815 872 1840 se
901 1803 1112 1852 deprendit
1141 1802 1181 1840 in
1212 1803 1312 1841 illis!

196 1870 292 1921 quid
321 1869 462 1916 videat,
495 1867 644 1916 nescit,
682 1868 752 1906 sed
783 1867 892 1917 quod
921 1867 1038 1914 videt,
1071 1866 1192 1905 uritur
1221 1867 1299 1915 illo,
1463 1883 1530 1914 430

195 1944 314 1985 atque
343 1935 480 1972 oculos
510 1934 628 1980 idem,
661 1932 729 1982 qui
759 1931 916 1982 decipit,
949 1931 1084 1970 incitat
1114 1945 1228 1970 error.

196 2001 366 2046 credule,
398 1998 494 2049 quid
523 1999 663 2036 frustra
692 1997 899 2035 simulacra
930 1997 1080 2047 fugacia
1109 1999 1273 2047 captas?

197 2067 304 2115 quod
335 2065 445 2115 petis,
477 2072 535 2102 est
565 2076 783 2113 nusquam:
824 2064 933 2112 quod
962 2075 1082 2109 amas,
1113 2070 1296 2110 avertere,
1327 2063 1479 2113 perdes.

197 2132 269 2168 ista
298 2141 560 2180 repercussae,
591 2141 710 2178 quarn
741 2127 879 2175 cernis,
911 2127 1091 2177 imaginis
1121 2128 1260 2166 umbra
1289 2136 1374 2166 est:

197 2195 251 2232 nil
281 2194 400 2233 habet
431 2195 502 2232 ista
531 2193 615 2232 sui:
653 2201 784 2232 tecum
815 2193 1002 2242 venitque
1032 2200 1256 2242 manetque,
1464 2207 1528 2239 435

197 2268 329 2298 tecum
359 2259 548 2306 discedet,
580 2260 611 2297 si
642 2265 683 2296 tu
713 2257 917 2297 discedere
946 2256 1082 2307 possis.

198 2338 279 2364 non
310 2324 419 2363 illum
450 2324 613 2371 Cereris,
646 2337 726 2361 non
758 2323 867 2361 illum
898 2335 990 2360 cura
1020 2322 1161 2372 quietis
