1747 2778
421 546 484 603 P.
539 546 800 606 OVIDI
861 547 1254 607 NASONIS

258 686 1362 748 METAMORPHOSEON

581 832 752 870 LIBER
789 833 1038 872 TERTIUS

154 935 319 980 IAMQVE
349 936 448 974 deus
476 935 604 986 posita
632 935 779 975 fallacis
809 936 978 987 imagine
1007 937 1105 975 tauri

151 1012 192 1038 se
220 1001 423 1039 confessus
452 1007 533 1039 erat
564 1001 808 1051 Dictaeaque
837 1014 924 1039 rura
953 1002 1125 1048 tenebat,

151 1077 242 1102 curn
271 1072 382 1114 pater
411 1064 566 1115 ignarus
595 1065 753 1105 Cadmo
782 1065 1004 1116 perquirere
1033 1074 1183 1116 raptam

152 1128 330 1179 imperat,
361 1137 400 1169 et
428 1143 611 1180 poenam,
642 1129 673 1169 si
703 1143 784 1169 non
814 1130 1016 1178 invenerit,
1048 1130 1158 1170 addit

151 1193 343 1241 exsilium,
375 1195 479 1233 facto
508 1194 594 1245 pius
624 1202 663 1234 et
691 1196 902 1234 sceleratus
931 1196 1086 1235 eodem.
1467 1213 1484 1243 5

151 1258 249 1298 orbe
277 1266 474 1310 pererrato
503 1259 608 1310 (quis
637 1260 743 1299 enim
773 1261 1017 1311 deprendere
1047 1260 1170 1311 possit

153 1324 253 1362 furta
283 1325 387 1363 Iovis
403 1323 436 1376 ?)
465 1325 651 1376 profugus
680 1325 924 1376 patriamque
954 1325 1132 1376 iramque
1161 1327 1332 1376 parentis

152 1388 248 1427 vitat
276 1388 532 1440 Agenorides,
566 1390 799 1441 Phoebique
828 1392 985 1430 oracula
1014 1392 1179 1442 supplex

153 1453 324 1492 consulit
353 1461 402 1501 et,
436 1467 537 1505 quae
567 1454 615 1493 sit
644 1456 758 1494 tellus
788 1455 1014 1504 habitanda,
1046 1455 1219 1507 requirit.

155 1518 252 1558 ‘bos
280 1517 376 1566 tibi,‘
406 1519 592 1558 Phoebus
621 1520 686 1567 ait,
720 1521 834 1559 ‘solis
863 1528 1041 1560 occurret
1070 1520 1111 1559 in
1139 1522 1251 1569 arvis,
1449 1536 1488 1559 10

154 1584 307 1622 nullum
336 1596 451 1634 passa
479 1584 625 1635 iugum,
656 1584 844 1635 curvique
874 1586 1061 1625 immunis
1088 1585 1226 1625 aratri:

156 1649 230 1687 hac
259 1649 362 1688 duce
391 1662 507 1700 carpe
536 1649 628 1698 vias,
659 1656 708 1697 et,
739 1662 818 1700 qua
846 1651 1079 1701 requieverit
1108 1651 1240 1698 herba,

158 1714 316 1752 moenia
345 1714 406 1753 fac
435 1715 596 1761 condas,
630 1714 876 1766 Boeotiaque
905 1715 970 1754 illa
998 1717 1166 1755 vocato!

157 1777 220 1816 vix
247 1777 351 1818 bene
380 1777 554 1818 Castalio
583 1779 761 1818 Cadmus
790 1781 1051 1820 descenderat
1080 1788 1205 1829 antro,

157 1842 439 1882 incustoditam
468 1844 574 1882 lente
603 1845 709 1883 videt
739 1844 792 1883 ire
822 1844 1040 1893 iuvencam,
1455 1861 1495 1893 15

158 1909 310 1946 nullum
340 1907 483 1947 servitii
513 1907 667 1959 signum
697 1910 848 1949 cervice
876 1918 1101 1961 gerentem:

159 1972 412 2023 subsequitur
440 1986 656 2024 pressoque
686 1974 777 2025 legit
807 1974 969 2025 vestigia
997 1988 1144 2025 gressu,

159 2044 441 2088 auctoremque
470 2037 556 2077 viae
586 2037 796 2077 Phoebum
826 2039 1042 2078 taciturnus
1072 2040 1219 2078 adorat.

161 2101 238 2140 iarn
267 2102 368 2141 vada
397 2101 560 2152 Cephisi
591 2104 855 2153 Panopesque
883 2111 1057 2143 evaserat
1087 2117 1202 2143 arva:

161 2167 234 2206 bos
263 2166 380 2214 stetit,
412 2174 451 2206 et
480 2168 622 2207 tollens
651 2169 871 2218 speciosam
901 2168 1088 2207 cornibus
1117 2168 1205 2207 altis
1459 2186 1499 2209 20

160 2232 213 2271 ad
241 2232 395 2270 caelum
424 2232 593 2272 frontem
624 2232 838 2284 mugitibus
867 2233 1023 2284 impulit
1051 2245 1193 2282 auras3

161 2303 280 2346 atque
308 2296 361 2335 ita
389 2296 600 2346 respiciens
629 2299 794 2337 comites
823 2310 893 2337 sua
923 2305 1029 2349 terga
1060 2305 1272 2348 sequentes

163 2361 383 2412 procubuit,
413 2369 626 2413 teneraque
655 2364 755 2402 latus
785 2362 966 2402 submisit
994 2362 1034 2401 in
1063 2363 1196 2402 herba.
