1747 2620
588 23 630 60 P.
661 22 825 61 OVIDI
857 20 1096 59 NASONIS

186 132 362 171 Cadmus
391 133 469 182 agit
498 138 635 182 grates,
667 129 973 182 peregrinaeque
1003 130 1138 168 oscula
1166 135 1289 167 terrae

186 196 267 247 figit
297 203 336 236 et
365 198 519 248 ignotos
549 203 704 235 montes
733 208 927 246 agrosque
956 196 1108 233 salutat.

185 274 294 300 sacra
325 261 410 301 Iovi
440 263 612 300 facturus
642 268 749 299 erat:
789 260 898 299 iubet
927 259 982 299 ire
1011 259 1210 298 ministros

185 333 223 365 et
251 333 384 377 petere
414 339 435 365 e
464 325 560 365 vivis
589 325 770 365 libandas
800 324 975 364 fontibus
1005 324 1143 363 undas.

238 391 342 431 Silva
372 398 483 431 vetus
512 390 640 430 stabat
669 391 777 429 nulla
806 389 950 429 violata
979 388 1119 436 securi,

183 463 221 495 et
251 469 390 507 specus
420 455 459 494 in
490 455 623 495 medio
651 454 766 505 virgis
795 468 842 493 ac
871 453 1018 493 vimine
1047 454 1206 500 densus,

183 520 355 561 efficiens
385 520 576 560 humilem
605 519 783 571 lapidum
812 518 1070 570 compagibus
1100 531 1247 564 arcum,

182 585 369 625 uberibus
399 586 592 626 fecundus
622 585 746 636 aquis,
778 584 846 624 ubi
876 585 1061 624 conditus
1091 591 1204 623 antro

183 650 350 690 Martius
379 652 517 702 anguis
547 657 628 690 erat
657 649 782 689 cristis
812 648 1026 700 praesignis
1056 656 1094 687 et
1123 661 1219 687 auro
1234 661 1244 696 3

181 716 270 766 igne
299 715 447 755 micant
476 714 591 763 oculi,
622 727 765 765 corpus
795 721 921 753 tumet
949 726 1069 752 omne
1098 725 1265 759 venen0‚

181 787 337 831 tresque
366 780 513 819 micant
544 779 712 831 linguae,
743 778 883 830 triplici
914 785 1017 818 stant
1047 777 1186 817 ordine
1214 778 1366 816 dentes.

179 859 298 896 quem
328 853 539 897 postquam
568 845 686 895 Tyria
714 845 848 883 lucum
878 844 929 883 de
957 851 1075 894 gente
1105 841 1268 893 profecti

178 910 349 950 infausto
379 911 540 961 tetigere
567 910 701 960 gradu,
734 909 984 959 demissaque
1013 908 1054 946 in
1084 908 1210 947 undas

178 989 276 1014 urna
304 975 414 1015 dedit
443 976 629 1022 sonitum,
659 975 778 1025 longo
807 981 926 1024 caput
955 972 1091 1012 extulit
1120 980 1233 1011 antro

177 1041 379 1079 caeruleus
409 1052 568 1091 serpens
598 1040 874 1089 horrendaque
903 1037 1015 1077 sibila
1046 1037 1162 1076 misit.

177 1106 359 1145 effluxere
388 1118 508 1144 urnae
538 1104 733 1151 manibus,
765 1102 1003 1154 sanguisque
1032 1102 1218 1152 relinquit

176 1183 330 1220 corpus,
361 1178 399 1209 et
427 1169 614 1209 attonitos
644 1168 798 1208 subitus
827 1176 971 1208 tremor
1000 1175 1169 1218 occupat
1196 1174 1311 1205 artus.

176 1235 240 1274 ille
270 1234 508 1274 volubilibus
539 1246 772 1285 squamosos
802 1232 969 1273 nexibus
998 1233 1114 1272 orbes

176 1307 331 1350 torquet
361 1307 399 1339 et
427 1299 643 1339 immensos
673 1299 773 1338 saltu
803 1298 979 1337 sinuatur
1008 1298 1048 1336 in
1077 1310 1202 1345 arcus,

174 1378 221 1404 ac
251 1365 383 1404 media
411 1366 498 1415 plus
527 1371 637 1415 parte
666 1365 771 1404 leves
801 1371 954 1403 erectus
987 1362 1028 1401 in
1056 1375 1168 1401 auras

175 1429 343 1479 despicit
371 1442 491 1468 omne
519 1441 671 1477 nemus,
703 1434 894 1478 tantoque
923 1434 982 1467 est
1012 1438 1186 1477 corpore,
1219 1433 1369 1477 quanto

176 1494 207 1533 si
237 1501 364 1534 totum
395 1501 559 1545 specteS,
590 1494 767 1544 geminas
797 1492 866 1544 qui
895 1499 1048 1543 separat
1078 1493 1232 1530 Arctos.

175 1572 249 1598 nec
278 1571 399 1606 mora,
431 1558 663 1606 Phoenicas,
695 1557 776 1597 sive
805 1557 859 1596 illi
889 1558 966 1596 tela
994 1556 1197 1608 parabant,

175 1624 256 1663 sive
285 1624 428 1674 fugam,
460 1622 541 1662 sive
569 1622 654 1674 ipse
682 1621 798 1661 timor
828 1621 1065 1672 prohibebat
1094 1627 1320 1671 utrumque,

174 1695 343 1739 occupat
371 1689 444 1727 hos
473 1700 617 1735 morsu,
649 1687 776 1737 longis
805 1685 1078 1737 complexibus
1107 1685 1195 1725 illos
1210 1699 1220 1734 3

174 1754 247 1793 hos
277 1760 392 1792 necat
420 1752 554 1792 adflati
583 1753 739 1791 funesta
768 1751 859 1790 tabe
888 1752 1044 1789 veneni.

175 1819 319 1858 fecerat
348 1817 505 1868 exiguas
535 1816 613 1856 iam
642 1817 701 1855 sol
730 1815 941 1855 altissimus
971 1814 1160 1854 umbras:

174 1895 276 1934 quae
305 1895 414 1921 mora
443 1881 492 1921 sit
521 1880 648 1929 sociis,
681 1880 841 1920 miratur
870 1882 1052 1930 Agenore
1082 1886 1209 1926 natus,

174 1948 418 1998 vestigatque
447 1948 560 1986 viros.
619 1953 805 1997 tegumen
837 1945 999 1995 derepta
1029 1944 1137 1983 leoni

174 2013 286 2063 pellis
316 2020 397 2052 erat
413 2026 423 2061 ;
456 2012 578 2052 telum
609 2009 834 2062 splendenti
863 2011 1000 2048 lancea
1030 2010 1142 2055 ferro,

174 2084 212 2116 et
241 2076 424 2125 iaculum,
455 2078 614 2127 teloque
643 2075 797 2114 animus
828 2073 1087 2124 praestantior
1116 2073 1238 2112 omni.

174 2149 216 2180 ut
245 2154 385 2181 nemus
414 2141 569 2180 intravit
598 2141 796 2190 letataque
824 2151 989 2189 corpora
1018 2137 1115 2177 vidit

173 2206 443 2257 victoremque
472 2219 589 2257 supra
616 2203 778 2255 spatiosi
810 2202 969 2254 tergoris
1000 2204 1156 2242 hostem

175 2271 297 2311 tristia
326 2270 542 2321 sanguinea
570 2270 814 2309 lambentem
844 2269 1004 2307 vulnera
1034 2267 1175 2318 lingua,

1474 208 1516 239 25

1473 531 1517 562 30

1472 856 1514 888 35

1469 1182 1514 1214 40

1466 1507 1510 1539 45

1468 1830 1509 1862 50

1464 2150 1506 2185 55
