1747 2620
586 60 626 96 P.
661 59 824 97 ovml
857 59 1097 97 NASONIS
1139 34 1142 36 ’

179 175 219 204 at
251 167 380 217 Libys,
411 168 613 206 obstantes
643 169 738 207 dum
769 169 851 206 vult
883 168 1085 206 obvertere
1116 180 1256 213 remos,

180 230 219 269 in
249 231 417 281 spatium
449 232 594 272 resilire
624 246 763 271 manus
794 234 911 272 breve
941 232 1048 279 vidit,
1080 239 1118 270 et
1148 231 1231 270 illas

179 295 256 334 iam
287 310 367 336 non
397 311 483 336 esse
513 311 662 344 manus,
694 297 769 335 iam
801 297 941 347 pinnas
971 310 1086 347 posse
1115 295 1256 334 vocari.

178 363 274 400 alter
302 363 353 400 ad
383 362 548 400 intortos
578 362 742 412 cupiens
772 364 864 401 dare
896 361 1079 400 bracchia
1109 363 1232 409 funes,

179 427 363 465 bracchia
392 441 473 465 non
503 427 650 475 habuit,
683 435 902 477 truncoque
932 428 1128 477 repandus
1159 427 1197 464 in
1228 427 1354 466 undas

179 505 342 542 corpore
371 492 528 531 desiluit
544 507 553 539 ;
591 493 731 531 falcata
761 492 973 530 novissima
1003 493 1130 531 cauda
1159 500 1226 539 est,

179 557 309 607 qualia
338 556 526 596 dimidiae
556 559 762 596 sinuantur
790 571 937 595 cornua
967 558 1093 595 lunae.

179 621 356 672 undique
386 623 481 661 dant
513 624 633 661 saltus
664 624 866 672 multaque
896 621 1132 672 adspergine
1162 630 1293 660 rorant

178 696 462 737 emerguntque
492 688 632 726 iterum
661 688 907 736 redeuntque
937 687 1011 725 sub
1041 700 1212 736 aequora
1241 700 1371 725 rursus

177 751 297 802 inque
326 752 434 790 chori
464 753 607 791 ludunt
637 751 810 802 speciem
840 752 1063 801 lascivaque
1092 751 1239 790 iactant

177 830 340 867 corpora
371 825 407 856 et
436 825 644 867 acceptum
675 816 817 867 patulis
848 830 953 855 mare
983 816 1142 855 naribus
1171 816 1314 856 efflant.

177 883 228 920 de
257 883 380 921 inodo
409 882 544 932 viginti
575 882 650 933 (tot
679 883 783 921 enim
816 881 906 920 ratis
936 881 1001 919 illa
1030 881 1196 931 ferebat>

176 948 371 986 restabam
403 949 520 986 solus.
581 947 767 997 pavidum
797 946 1051 997 gelidumque
1081 945 1263 985 trementi

177 1026 341 1063 corpore
370 1013 511 1063 vixque
541 1026 673 1051 meum
704 1013 833 1050 firmat
863 1013 961 1051 deus
993 1017 1012 1031 ‘²
1030 1020 1169 1050 excute
1186 1013 1205 1028 '’
1235 1011 1370 1051 dicens

179 1079 333 1117 “corde
364 1085 514 1116 metum
546 1077 745 1128 Diamque
775 1085 866 1116 tene
880 1079 908 1116 ⁷'.
969 1078 1122 1116 delatus
1152 1078 1191 1115 in
1222 1077 1339 1125 illam,

175 1143 324 1182 accessi
353 1143 470 1182 sacris
502 1144 762 1193 Baccheaque
793 1155 902 1180 sacra
930 1143 1137 1192 frequento
1153 1143 1170 1181 '.

234 1208 514 1247 ‘Praebuimus
543 1209 691 1258 longis’
722 1209 922 1246 Pentheus
955 1207 1210 1258 ‘ambagibus
1239 1221 1352 1246 aures

177 1273 314 1324 inquit,
348 1277 412 1312 ‘ut
441 1273 496 1311 ira
525 1287 635 1312 mora
664 1273 763 1312 vires
792 1273 1000 1311 absumere
1030 1282 1175 1323 posset.

176 1338 441 1389 praecipitem,
474 1338 621 1386 famuli,
654 1339 777 1389 rapite
807 1339 913 1377 hunc
942 1337 1192 1388 cruciataque
1222 1337 1329 1377 duris

176 1417 340 1454 corpora
369 1405 574 1442 tormentis
605 1403 760 1453 Stygiae
789 1402 985 1442 demittite
1016 1404 1156 1441 morti.⁷

175 1468 352 1519 protinus
381 1469 611 1516 abstractus,
644 1468 779 1507 solidis
809 1469 1036 1518 Tyrrhenus
1066 1470 1237 1506 Acoetes

175 1533 370 1573 clauditur
398 1533 439 1572 in
467 1535 590 1580 tectis,
623 1541 661 1572 et
691 1534 786 1572 dum
817 1533 992 1571 crudelia
1020 1532 1148 1571 iussae

175 1599 434 1637 instrumenta
462 1599 580 1645 necis,
613 1599 837 1648 ferrumque
865 1597 1066 1648 ignesque,
1097 1604 1292 1647 parantur,

175 1672 316 1714 sponte
347 1678 415 1703 sua
444 1663 616 1714 patuisse
646 1665 746 1702 fores
776 1665 984 1713 lapsasque
1013 1661 1166 1701 lacertis

175 1736 317 1779 sponte
346 1743 415 1768 sua
444 1731 547 1767 fama
577 1736 634 1767 est
664 1729 773 1766 nullo
803 1729 980 1767 solvente
1009 1735 1179 1766 catenas.

231 1796 380 1833 Perstat
412 1794 664 1841 Echionides,
697 1805 770 1831 nec
800 1792 877 1830 iam
908 1792 1016 1830 iubet
1046 1791 1111 1839 ire,
1142 1793 1213 1831 sed
1242 1791 1326 1842 ipse

176 1860 292 1906 vadit,
324 1858 392 1897 ubi
423 1860 569 1897 electus
599 1858 779 1896 facienda
808 1858 859 1895 ad
890 1870 995 1895 sacra
1027 1856 1243 1896 Cithaeron

175 1923 356 1962 cantibus
386 1930 424 1962 et
453 1924 555 1961 clara
583 1921 849 1961 bacchantum
879 1934 977 1961 voce
1006 1921 1183 1960 sonabat.

175 1998 217 2027 ut
246 1987 374 2028 fremit
402 2000 491 2027 acer
521 2000 657 2037 equus,
689 2000 779 2024 cum
811 1986 974 2025 bellicus
1002 1999 1091 2025 aere
1120 2000 1266 2025 canoro

175 2053 285 2104 signa
314 2053 424 2093 dedit
454 2052 625 2099 tubicen,
659 2064 894 2102 pugnaeque
923 2052 1095 2090 adsumit
1124 2063 1311 2098 amorem,

176 2119 353 2157 Penthea
382 2119 436 2156 sic
465 2117 564 2156 ictus
594 2117 720 2166 longis
749 2115 963 2155 ululatibus
992 2117 1126 2155 aether

175 2182 309 2229 movit,
341 2190 378 2221 et
406 2183 542 2221 audito
572 2182 743 2220 clamore
772 2182 976 2220 recanduit
1005 2180 1070 2220 ira.

176 2255 311 2286 monte
341 2248 419 2285 fere
449 2245 582 2286 medio
611 2253 681 2293 est,
712 2245 960 2296 cingentibus
990 2245 1128 2284 ultima
1156 2246 1273 2292 silvis,

176 2326 294 2363 purus
324 2312 374 2349 ab
403 2311 619 2358 arboribus,
651 2310 875 2360 spectabilis
906 2310 1083 2361 undique
1113 2323 1286 2360 campus.

1366 1209 1374 1224 2

1447 433 1512 464 680

1443 757 1508 800 685

1445 1085 1510 1126 690

1445 2065 1508 2099 705
