1747 2778
435 143 990 183 METAMORPHOSEON
1026 145 1075 182 LI
1086 146 1126 181 B.
1158 145 1221 182 111

165 265 235 302 pro
266 266 307 291 se
337 252 504 304 quisque
534 253 670 293 timet:
713 254 899 292 “laevam
931 255 1056 303 pete,''
1087 253 1254 292 maxima
1284 262 1380 293 nutu

164 330 251 368 pars
283 317 378 356 mihi
408 317 611 369 signifieat,
643 332 730 369 pars
759 319 856 368 quid
886 318 977 357 velit
1006 331 1099 357 aure
1129 327 1310 357 susurrat.

165 382 378 433 obstupui:
419 384 586 434 “capiat
603 385 621 400 ’'
650 397 727 434 que
759 383 892 422 “alius
922 383 1194 423 moderamina
1207 385 1239 431 ”,
1267 384 1358 431 dixi,

164 460 307 498 meque
338 448 553 487 ministerio
583 448 818 499 scelerisque
846 448 1018 498 artisque
1049 448 1207 488 removi.
1429 458 1492 498 645

163 511 343 564 increpor
370 527 394 552 a
423 513 575 553 cunctis
605 521 813 564 totumque
843 515 1116 552 immurmurat
1144 527 1298 564 agmen,

164 590 185 617 e
214 577 358 628 quibus
387 579 610 625 Aethalion,
645 581 720 617 “te
750 578 898 617 scilicet
928 579 1057 617 omnis
1088 578 1127 617 in
1159 592 1239 618 uno

164 651 296 682 nostra
325 645 429 682 salus
459 643 584 694 posita
614 645 707 691 est‚’'
735 643 800 690 ait,
832 652 870 682 et
899 643 1004 682 subit
1035 643 1118 694 ipse
1148 657 1363 694 meumque

162 709 292 758 explet
320 721 420 758 opus
450 710 643 759 Naxoque
673 709 771 759 petit
800 708 953 748 diversa
981 708 1125 747 relicta.

163 779 246 811 tum
276 774 375 812 deus
404 773 586 822 illudens,
618 782 819 824 tamquam
850 775 971 813 modo
1000 774 1173 825 denique
1203 775 1381 814 fraudem
1429 782 1496 823 650

163 839 338 885 senserit,
370 851 392 877 e
421 839 544 889 puppi
574 847 741 889 pontum
771 847 995 890 prospectat
1023 840 1191 887 adunca,

163 910 202 941 et
232 902 340 942 flenti
369 903 518 950 similis,
552 908 667 943 “non
699 905 795 943 haec
826 903 921 942 mihi
951 903 1074 951 litora,
1107 912 1261 951 nautae,

165 967 432 1018 promisistis,⁷’
461 969 527 1016 ait,
561 973 677 1008 “non
708 970 806 1008 haec
836 968 931 1007 mihi
961 976 1061 1008 terra
1090 978 1224 1019 rogata
1253 977 1322 1008 est.

163 1046 244 1083 quo
275 1033 397 1072 merui
427 1047 597 1084 poenam
629 1035 762 1073 sacto?
801 1048 902 1084 quae
930 1034 1052 1085 gloria
1081 1043 1209 1074 vestra
1237 1042 1295 1074 est

162 1097 194 1137 si
223 1111 390 1148 puerum
420 1098 592 1146 iuvenes,
624 1098 655 1138 si
686 1098 797 1137 multi
827 1098 958 1138 fallitis
988 1112 1111 1138 unum
1129 1101 1176 1138 ?''
1432 1105 1496 1148 655

163 1161 397 1202 iamdudum
428 1163 599 1202 flebam:
639 1163 818 1203 lacrimas
849 1177 988 1203 manus
1018 1164 1138 1215 impia
1169 1171 1318 1203 nostras

163 1228 263 1267 ridet
291 1236 330 1267 et
359 1227 525 1279 impellit
554 1229 856 1279 properantibus
885 1242 1057 1279 aequora
1086 1228 1214 1268 remis.

164 1305 232 1341 per
261 1292 331 1331 tibi
362 1306 468 1332 nunc
498 1294 626 1344 ipsum
658 1295 805 1345 (neque
835 1294 940 1332 enim
971 1293 1213 1345 praesentior
1241 1293 1308 1333 illo

163 1364 223 1395 est
251 1357 367 1409 deus)
395 1358 534 1398 adiuro
563 1366 643 1398 tam
675 1372 737 1398 me
768 1358 838 1398 tibi
869 1372 959 1398 vera
988 1360 1129 1398 referre

164 1435 284 1472 quam
314 1422 393 1461 veri
423 1423 572 1462 maiora
601 1425 691 1464 fide.
750 1425 858 1463 stetit
885 1432 1058 1474 aequore
1087 1423 1231 1474 puppis
1432 1431 1498 1462 660

164 1488 272 1526 haud
299 1487 411 1527 aliter
439 1502 559 1539 quam
589 1488 620 1527 si
651 1488 800 1528 siccum
831 1490 970 1528 navale
1000 1495 1161 1528 teneret.

164 1553 218 1590 illi
246 1553 487 1593 admirantes
516 1567 714 1593 remorum
744 1554 784 1592 in
814 1554 975 1594 verbere
1005 1560 1179 1604 perstant

164 1618 330 1668 velaque
359 1619 565 1658 deducunt
593 1619 832 1670 geminaque
861 1632 938 1670 ope
966 1631 1119 1658 currere
1148 1625 1313 1658 tentant.

164 1681 387 1733 impediunt
416 1684 585 1723 hederae
615 1696 744 1722 remos
774 1697 957 1734 nexuque
985 1696 1147 1723 recurvo

165 1755 328 1798 serpunt
355 1756 394 1787 et
422 1749 591 1799 gravidis
620 1749 868 1800 distinguunt
896 1751 982 1788 vela
1011 1748 1220 1800 corymbis.
1431 1755 1496 1798 665

165 1811 249 1863 ipse
278 1813 514 1853 racemiferis
543 1815 712 1854 frontem
742 1814 1010 1854 circumdatus
1040 1815 1136 1861 uvis,

166 1877 386 1928 pampineis
415 1879 534 1929 agitat
563 1880 732 1919 velatam
763 1881 970 1919 frondibus
1000 1881 1165 1918 hastam.

166 1955 285 1993 quem
314 1942 417 1982 circa
445 1943 560 1995 tigres
590 1944 879 1995 simulacraque
910 1944 1040 1982 inania
1069 1946 1227 1994 lyncum

165 2006 439 2058 pictarumque
468 2008 596 2047 iacent
626 2010 705 2047 fera
734 2022 898 2059 corpora
927 2010 1217 2059 pantherarum.

166 2073 356 2112 exsiluere
385 2072 465 2120 viri,
497 2072 578 2112 sive
607 2074 684 2112 hoc
713 2072 865 2112 insania
894 2074 997 2120 fecit,
1433 2080 1498 2120 670

166 2136 248 2176 sive
277 2136 405 2185 timor,
436 2136 665 2188 primusque
696 2138 849 2177 Medon
879 2137 1097 2188 nigrescere
1125 2136 1257 2187 coepit

165 2215 331 2253 corpore
359 2209 397 2241 et
426 2215 610 2253 expresso
638 2202 775 2253 spinae
803 2202 1030 2241 curvamine
1059 2201 1174 2241 flecti.

166 2266 304 2318 incipit
333 2266 424 2305 huic
455 2267 655 2317 Lycabas:
699 2266 775 2306 “in
805 2280 907 2318 quae
937 2266 1124 2306 miracula
1139 2268 1158 2284 ''
1187 2265 1284 2306 dixit

170 2332 435 2371 “verteris?”
465 2338 504 2371 et
532 2331 598 2371 lati
628 2333 746 2371 rictus
776 2339 814 2371 et
843 2332 975 2383 panda
1003 2333 1182 2382 loquenti

167 2395 268 2435 naris
297 2405 390 2444 erat,
420 2410 706 2447 squamamque
735 2396 836 2435 cutis
864 2397 1003 2436 durata
1031 2396 1222 2436 trahebat.
1434 2402 1499 2444 675
