1747 2778
423 151 464 188 M
473 151 579 187 ETA
588 148 979 188 MORPHOSEON
1013 149 1116 187 LIB.
1149 150 1212 188 111

151 257 327 308 quinque
357 257 641 309 superstitibus,
673 270 839 308 quorum
871 257 942 295 fuit
972 271 1073 296 unus
1104 258 1269 297 Echion.

152 323 182 361 is
212 336 281 362 sua
313 323 402 362 iecit
431 322 540 361 humi
571 322 723 362 monitu
754 322 972 362 Tritonidis
1001 336 1119 370 arma,

150 388 421 439 fraternaeque
450 389 569 427 fidem
599 387 706 438 pacis
735 387 926 438 petiitque
955 387 1156 438 deditque.

150 453 222 491 hos
251 453 379 504 operis
408 453 572 492 comites
601 452 737 491 habuit
767 453 951 492 Sidonius
981 454 1136 503 hospes,

149 531 239 557 cum
270 518 400 568 posuit
430 518 573 557 iussam
606 517 800 557 Phoebeis
831 518 1002 557 sortibus
1032 518 1181 556 urbem.
1420 534 1480 563 130

203 583 288 621 Iam
319 583 474 621 stabant
503 583 691 621 Thebae:
724 590 878 633 poteras
908 583 997 630 iam,
1029 582 1196 629 Cadme,
1227 582 1347 622 videri

147 647 283 687 exsilio
312 647 424 686 felix:
465 649 588 687 soceri
619 648 689 686 tibi
722 649 910 698 Marsque
939 650 1156 698 Venusque

147 711 402 763 contigerant.
460 714 538 751 huc
566 714 670 752 adde
698 726 821 763 genus
851 714 901 752 de
931 714 1099 764 coniuge
1130 720 1249 760 tanta,

147 784 206 816 tot
235 785 349 817 natos
379 783 569 828 natasque
598 785 637 817 et
666 779 829 828 pignora
858 792 947 817 cara
976 786 1153 828 nepote5‚

147 843 220 882 hos
249 855 409 893 quoque
439 844 515 881 iarn
546 843 718 882 iuvenes.
776 844 846 882 sed
877 843 1024 882 scilicet
1056 843 1194 881 ultima
1224 855 1378 892 semper
1415 858 1477 890 135

145 909 411 957 exspectanda
439 907 523 946 dies
553 907 704 946 homini
734 915 803 956 est,
836 907 996 958 dicique
1027 908 1166 946 beatus

145 980 237 1011 ante
265 971 420 1011 obitum
450 985 569 1011 nemo
599 985 860 1023 supremaque
890 974 1026 1011 funera
1055 973 1186 1011 debet.

201 1036 330 1075 Prima
359 1050 482 1087 nepos
513 1037 612 1075 inter
641 1050 700 1076 res
731 1044 788 1075 tot
818 1036 900 1083 tibi,
933 1038 1097 1083 Cadme,
1130 1036 1324 1075 secundas

146 1114 265 1141 causa
293 1101 365 1140 fuit
395 1103 534 1148 luctus,
566 1101 774 1152 alienaque
805 1114 953 1140 cornua
983 1101 1098 1140 fronti

144 1168 290 1215 addita,
321 1180 471 1218 vosque
500 1180 618 1206 canes
648 1166 810 1205 satiatae
841 1167 1031 1217 sanguine
1060 1165 1153 1204 erili.
1416 1181 1476 1212 140

143 1240 183 1271 at
213 1233 316 1272 bene
345 1231 376 1271 si
406 1245 583 1282 quaeras,
616 1233 794 1270 fortunae
823 1231 970 1270 crimen
1003 1231 1041 1269 in
1072 1231 1149 1278 illo,

144 1310 224 1336 non
255 1298 382 1336 scelus
412 1297 611 1336 invenies:
638 1297 747 1347 quod
777 1296 883 1335 enim
913 1297 1040 1335 scelus
1070 1309 1175 1334 error
1205 1295 1408 1334 habebat?

145 1375 260 1401 mons
289 1370 370 1401 erat
399 1362 566 1401 infectus
595 1361 787 1400 variarum
817 1362 938 1401 caede
968 1362 1135 1400 ferarum
1151 1375 1161 1409 3

145 1427 303 1478 iamque
331 1428 416 1467 dies
446 1427 600 1466 medius
629 1440 758 1466 rerum
787 1433 1033 1466 contraxerat
1062 1425 1220 1464 umbras

143 1500 181 1532 et
210 1494 269 1532 sol
297 1506 344 1531 ex
372 1505 502 1543 aequo
531 1500 636 1531 meta
665 1491 836 1532 distabat
866 1500 1042 1542 utraque,
1412 1505 1471 1538 145

143 1569 234 1596 curn
263 1557 414 1597 iuvenis
443 1558 600 1608 placido
629 1571 698 1608 per
727 1557 842 1596 devia
870 1558 989 1596 lustra
1018 1563 1204 1606 vagantes

143 1623 351 1674 participes
380 1636 544 1673 operum
575 1624 786 1673 compellat
816 1621 1017 1672 Hyantius
1046 1634 1136 1660 ore:

145 1687 250 1726 ‘lina
279 1689 452 1735 madent,
484 1689 661 1734 comites,
694 1689 917 1736 ferrumque
946 1699 1084 1724 cruore
1114 1686 1292 1733 ferarum,

143 1753 402 1803 fortunaeque
431 1752 516 1791 dies
546 1751 683 1791 habuit
712 1751 815 1790 satis.
872 1752 991 1790 altera
1019 1751 1149 1789 lucem

143 1830 234 1856 curn
264 1816 412 1856 croceis
442 1816 597 1856 invecta
625 1815 719 1855 rotis
750 1818 902 1854 Aurora
931 1816 1107 1863 reducet,
1414 1829 1474 1863 150

143 1881 390 1933 propositum
418 1889 641 1932 repetemus
670 1894 799 1932 opus,-
831 1893 938 1919 nunc
969 1880 1155 1918 Phoebus
1184 1886 1350 1930 utraque

142 1948 262 1987 distat
289 1946 395 1986 idem
426 1954 525 1985 terra
555 1947 749 1996 finditque
777 1944 988 1996 vaporibus
1017 1958 1118 1983 arva.

142 2012 266 2051 sistite
295 2025 395 2063 opus
424 2024 608 2062 praesens
638 2012 872 2060 nodosaque
901 2009 1026 2048 tollite
1055 2009 1160 2047 lina.'

143 2075 247 2113 iussa
274 2073 345 2113 viri
373 2073 522 2112 faciunt
551 2072 894 2122 intermittuntque
923 2071 1111 2110 laborem.

142 2138 252 2178 vallis
281 2145 371 2186 erat,
403 2137 525 2189 piceis
554 2145 593 2176 et
622 2144 737 2176 acuta
765 2138 889 2176 densa
918 2148 1117 2186 cupressu,
1413 2151 1422 2172 ι
1432 2150 1472 2183 55

141 2203 304 2243 nomine
334 2202 567 2253 Gargaphie,
599 2203 824 2242 succinctae
853 2215 961 2241 sacra
991 2200 1156 2247 Dianae,

141 2270 253 2308 cuius
283 2268 322 2307 in
351 2275 526 2308 extremo
555 2275 614 2307 est
641 2275 798 2307 antrum
829 2267 1029 2306 nemorale
1058 2279 1227 2312 recessu,

140 2340 222 2373 arte
250 2333 471 2373 laboratum
500 2334 630 2372 nulla:
666 2333 915 2372 simulaverat
943 2338 1067 2370 artem

141 2397 300 2448 ingenio
330 2405 468 2436 natura
496 2411 597 2445 suo5
627 2411 717 2436 nam
748 2396 907 2448 pumice
936 2397 1025 2435 vivo

207 2475 252 2494 OV.
279 2475 346 2493 mm·-
373 2475 402 2493 ΙΙΙ
