1747 2778
436 151 991 192 METAMORPHOSEON
1028 151 1129 188 LIB.
1162 150 1224 188 111

163 260 227 300 hic
256 261 380 300 oculis
411 261 518 300 illum
549 268 775 300 cernentem
806 272 915 298 sacra
945 258 1117 309 profanis

163 326 288 377 prima
317 327 434 373 videt,
466 325 589 376 prima
618 333 676 364 est
707 326 847 363 insano
877 324 1034 363 concita
1063 337 1191 370 cursu,

164 391 289 442 prima
319 404 432 429 suum
464 390 584 429 misso
614 388 773 428 violavit
805 389 982 428 Penthea
1012 389 1144 438 thyrso

165 464 299 503 mater,
329 464 368 495 et
400 459 447 494 ‘o
475 456 676 506 geminae'
705 454 887 493 clamavit
920 454 1079 492 ‘adeste
1108 455 1285 492 sorores!

165 522 228 560 ille
256 535 360 571 aper,
391 520 430 559 in
460 520 602 559 nostris
632 527 730 559 errat
761 518 826 570 qui
860 518 1050 557 maximus
1080 517 1190 568 agris,

164 587 228 625 ille
258 585 352 625 mihi
384 584 582 625 feriendus
611 598 704 636 aper
718 586 736 623 ’.
796 584 871 622 ruit
900 585 1029 622 omnis
1060 583 1099 621 in
1129 596 1252 621 unum

165 651 279 690 turba
308 652 464 698 surens3
503 658 669 690 cunctae
699 652 844 689 coeunt
876 648 1153 699 trepidumque
1183 656 1410 698 sequuntur,

164 715 243 755 iarn
275 715 483 767 trepidum,
515 715 590 754 iam
623 716 741 754 verba
770 714 900 753 minus
930 714 1101 752 violenta
1130 715 1370 763 loquentem,

164 781 241 820 iam
272 794 313 820 se
342 782 609 826 damnantem,
642 780 718 819 iam
749 794 790 819 se
821 793 1004 830 peccasse
1034 781 1232 818 fatentem.

164 844 319 884 saucius
348 847 412 885 ille
442 854 573 884 tamen
606 846 684 884 ‘fer
713 858 842 895 opem,
874 845 1102 884 matertera’
1132 843 1228 883 dixit

165 911 403 950 ιΑιιῐοηοὲἑῖ
443 918 627 949 moveant
655 910 810 949 animos
840 909 1055 949 Actaeonis
1085 909 1248 947 umbrae
1261 907 1280 946 ’.

164 975 229 1013 illa
257 975 346 1025 quis
375 977 566 1023 Actaeon,
599 975 734 1022 nescit,
766 976 1023 1024 dextramque
1053 973 1247 1024 precantis

162 1039 324 1078 abstulit
340 1054 349 1087 3
389 1041 490 1078 Inoo
519 1041 687 1078 lacerata
716 1047 775 1078 est
803 1040 923 1077 altera
953 1046 1075 1088 raptu.

162 1117 243 1144 non
274 1104 393 1143 habet
421 1103 566 1152 infelix,
598 1118 700 1155 quae
730 1104 842 1143 matri
873 1103 1056 1143 bracchia
1085 1103 1233 1150 tendat,

163 1177 300 1208 trunca
329 1169 399 1208 sed
428 1170 644 1209 ostendens
673 1170 845 1220 dereptis
876 1171 1035 1208 vulnera
1064 1167 1266 1214 membris,

165 1233 359 1284 ‘adspice,
391 1235 538 1274 mater’
568 1234 632 1273 ait.
691 1234 783 1273 visis
812 1233 975 1273 ululavit
1004 1235 1153 1283 Agaue,

163 1300 345 1350 collaque
374 1298 530 1338 iactavit
559 1299 790 1350 crinemque
819 1313 888 1350 per
916 1301 1005 1338 aera
1035 1299 1168 1344 movit,

163 1365 424 1415 avulsumque
452 1372 572 1415 caput
601 1363 732 1415 digitis
761 1365 968 1414 complexa
996 1362 1166 1402 cruentis

163 1430 317 1477 clamat,
351 1429 422 1476 ιἰο,
454 1428 630 1477 comites,
663 1442 762 1480 opus
793 1430 891 1468 haec
920 1428 1082 1468 victoria
1111 1435 1289 1466 nostrum
1320 1428 1401 1465 est!

163 1507 245 1532 non
274 1494 389 1533 citius
419 1495 578 1534 frondes
607 1494 789 1533 autumni
818 1494 958 1545 frigore
988 1500 1110 1532 tactas

163 1558 322 1610 iamque
352 1560 454 1599 male
483 1561 690 1599 haerentes
719 1561 798 1598 alta
826 1558 926 1610 rapit
955 1558 1094 1597 arbore
1124 1564 1275 1603 ventus,

163 1637 282 1674 quam
313 1632 405 1663 sunt
434 1625 611 1664 membra
640 1624 709 1663 viri
740 1624 923 1663 manibus
952 1623 1104 1674 direpta
1133 1621 1326 1661 nefandis.

163 1688 306 1727 talibus
335 1690 524 1740 exemplis
554 1689 727 1728 monitae
757 1702 859 1728 nova
889 1702 998 1728 sacra
1026 1689 1275 1738 frequentant

163 1761 328 1804 turaque
357 1755 454 1793 dant
483 1761 718 1805 sanctasque
748 1755 884 1793 colunt
915 1752 1136 1792 Ismenides
1165 1764 1262 1790 aras.

1438 920 1499 954 720
