1747 2620
574 31 615 69 P.
647 29 812 69 OVIDI
845 28 1083 68 NASONIS

173 139 337 187 obstitit,
369 146 407 178 et
437 140 513 177 fixa
541 145 600 177 est
628 139 771 189 pariter
799 150 890 175 cum
919 137 1060 176 robore
1090 136 1230 174 cervix.

170 207 346 256 pondere
375 203 566 255 serpentis
595 209 754 241 curvata
783 209 841 241 est
869 201 996 249 arbor,
1026 207 1065 240 et
1095 202 1197 240 imae

170 278 279 322 parte
308 269 492 321 flagellari
521 267 670 319 gemuit
700 280 770 306 sua
799 266 941 305 robora
969 267 1131 305 caudae.

171 337 268 375 dum
297 333 467 385 spatium
497 333 620 371 victor
649 330 740 370 victi
770 330 993 370 considerat
1023 331 1159 376 hostis,

1460 345 1503 378 95

173 414 248 439 vox
277 399 408 438 subito
437 396 571 437 audita
599 403 682 444 est3
712 408 842 445 neque
871 402 952 434 erat
981 406 1220 445 cognoscere
1249 401 1475 445 promptum

173 466 291 512 unde,
323 465 392 503 sed
422 461 557 501 audita
585 469 666 501 est:
706 459 834 511 ‘quid‚
866 462 1051 510 Agenore
1081 466 1184 508 nate,
1214 466 1462 510 peremptum

171 536 394 580 serpentem
424 528 606 577 spectas?
649 533 688 564 et
717 532 759 564 tu
790 524 1019 575 spectabere
1048 525 1235 576 serpens.'

226 595 298 633 Ille
327 593 396 633 diu
425 593 590 643 pavidus
619 590 761 642 pariter
791 603 882 629 cum
912 598 1046 629 mente
1075 591 1249 629 colorem

171 659 404 709 perdiderat,
435 658 647 708 gelidoque
676 668 817 695 comae
845 662 990 694 terrore
1019 654 1211 704 rigebant.

171 737 264 763 ecce
292 723 361 762 viri
391 721 531 762 fautrix
560 733 720 772 superas
749 720 913 770 delapsa
942 733 1010 770 per
1038 732 1150 758 auras

172 790 299 828 Pallas
327 789 451 836 adest,
482 793 694 836 motaeque
719 785 829 824 iubet
858 797 1081 835 supponere
1111 792 1234 824 terrae

171 855 348 904 vipereos
378 854 529 899 denteS,
560 850 697 901 populi
726 850 969 889 incrementa
997 849 1125 888 futuri.

171 925 280 969 paret
309 925 358 965 et,
390 924 432 956 ut
461 929 595 967 presso
624 916 778 955 sulcum
808 914 991 965 patefecit
1020 921 1160 961 aratro,

172 983 315 1034 spargit
343 981 455 1021 humi
484 983 620 1026 iussos.
652 980 832 1020 mortalia
860 979 1022 1026 semina,
1054 980 1206 1018 dentes.

172 1048 265 1087 inde
295 1048 391 1099 (fide
421 1046 563 1098 maius)
591 1045 754 1097 glaebae
783 1057 949 1095 coepere
978 1043 1141 1092 moveri,

172 1112 376 1163 primaque
406 1113 456 1152 de
485 1111 603 1151 sulcis
633 1110 737 1150 acies
766 1109 947 1161 apparuit
976 1110 1124 1158 hastae,

172 1177 345 1228 tegmina
373 1190 465 1216 mox
493 1176 668 1227 capitum
697 1176 803 1227 picto
832 1173 1013 1214 nutantia
1040 1187 1172 1222 cono;

174 1256 264 1282 mox
293 1241 417 1281 umeri
447 1248 665 1293 pectusque
693 1247 934 1290 onerataque
962 1238 1148 1278 bracchia
1178 1238 1265 1277 telis

173 1307 373 1355 exsistunt,
404 1306 623 1357 crescitque
652 1319 763 1357 seges
792 1305 960 1356 clipeata
988 1304 1175 1344 virorum.

173 1372 228 1411 sic
257 1372 326 1411 ubi
354 1373 545 1411 tolluntur
572 1370 681 1411 festis
708 1371 845 1410 aulaea
874 1368 1046 1417 theatris,

174 1450 330 1487 surgere
359 1436 469 1487 signa
497 1437 625 1476 solent
653 1436 905 1486 primumque
933 1434 1142 1474 ostendere
1170 1433 1312 1479 vultus,

175 1510 304 1542 cetera
332 1503 532 1553 paulatim,
564 1501 802 1553 placidoque
831 1501 975 1540 educta
1003 1507 1139 1538 tenore

173 1574 256 1607 tota
284 1575 419 1618 patent
448 1567 609 1617 imoque
638 1567 760 1618 pedes
789 1567 829 1604 in
859 1564 1034 1616 margine
1064 1570 1231 1614 ponunt.

174 1633 327 1671 territus
356 1633 470 1671 hoste
498 1644 603 1671 novo
632 1630 811 1672 Cadmus
841 1643 981 1681 capere
1009 1642 1118 1668 arma
1145 1627 1332 1679 parabat:

177 1701 249 1736 ‘ne
278 1698 399 1748 cape'
428 1697 479 1736 de
507 1698 668 1748 populo,
699 1708 819 1746 quem
849 1702 948 1734 terra
977 1700 1184 1741 creaverat,
1215 1706 1317 1732 unus

175 1764 378 1809 exclamat,
413 1765 509 1801 ‘nec
538 1768 577 1800 te
606 1760 785 1800 civilibus
815 1760 942 1799 insere
971 1759 1108 1799 bellis.'

174 1835 293 1878 atque
322 1826 375 1866 ita
403 1826 604 1876 terrigenis
634 1825 760 1876 rigido
789 1826 840 1865 de
868 1824 1049 1864 fratribus
1078 1837 1202 1862 unum

176 1891 399 1932 comminus
428 1904 523 1931 ense
552 1890 638 1930 ferit
653 1905 663 1939 3
695 1892 824 1930 iaculo
853 1889 958 1930 cadit
987 1888 1141 1928 eminus
1169 1888 1263 1938 ipse.

176 1957 240 1996 hic
269 1969 441 2008 quoque,
472 1956 540 2007 qui
569 1958 649 1995 leto
677 1957 852 2002 dederat,
882 1968 964 1994 non
991 1953 1146 2003 longius
1176 1953 1243 1992 illo

176 2021 280 2070 vivit,
311 2029 349 2061 et
378 2021 544 2073 exspirat
574 2022 696 2060 modo
725 2034 822 2071 quas
851 2025 1056 2070 acceperat
1084 2031 1209 2057 auras.

177 2088 438 2137 exemploque
466 2086 549 2138 pari
578 2085 668 2125 furit
698 2085 827 2125 omnis
857 2085 981 2132 turba,
1014 2096 1167 2134 suoque

179 2153 308 2190 Marte
337 2153 484 2190 cadunt
514 2151 632 2191 subiti
661 2164 728 2202 per
758 2157 895 2190 mutua
923 2150 1084 2189 vulnera
1112 2149 1257 2187 fratres.

176 2216 334 2266 iamque
363 2216 490 2256 brevis
521 2216 622 2255 vitae
651 2215 821 2267 spatium
852 2214 987 2254 sortita
1017 2213 1199 2253 iuventus

178 2282 431 2332 sanguineam
461 2281 596 2332 tepido
625 2280 836 2331 plangebat
867 2286 1026 2330 pectore
1055 2285 1233 2325 matrem,

1443 669 1504 692 100

1440 993 1501 1025 105

1443 1317 1505 1341 110

1444 1642 1504 1675 115

1444 1967 1507 1990 120

1446 2289 1506 2322 125
