1747 2620
579 47 615 84 P.
649 46 813 85 OVIDI
846 44 1084 84 NASONIS

171 167 277 194 nunc
307 154 431 193 sinitis
462 155 545 192 sine
577 155 706 193 Marte
735 155 832 204 capi.
892 165 1023 200 vosne,
1054 153 1178 191 acrior
1206 159 1324 199 aetas,
1443 168 1505 200 540

170 234 194 259 ο
224 219 396 266 iuvenes,
427 219 665 270 propiorque
696 220 837 258 meae?
875 231 976 268 quos
1005 230 1112 256 arma
1143 225 1276 256 tenere

171 298 251 324 non
282 286 445 334 thyrsos,
477 285 666 334 galeaque
696 284 784 334 tegi,
817 297 897 321 non
928 284 1069 321 fronde
1097 282 1275 321 decebat.

170 357 262 397 este,
294 362 442 399 precor,
475 362 670 387 memores
701 362 778 398 qua
808 349 889 386 sitis
920 347 1037 398 stirpe
1067 346 1196 394 creati,

171 415 353 464 illiusque
383 415 548 460 animm,
580 412 647 463 qui
678 415 824 451 multos
854 412 1025 463 perdidit
1055 425 1168 459 unus,

170 479 313 519 sumite
343 478 560 529 serpentis;
598 491 668 527 pro
699 478 874 515 fontibus
904 477 967 515 ille
998 479 1165 526 lacuque
1439 491 1503 523 545

170 544 338 583 interiit:
378 551 416 582 at
446 556 516 581 vos
546 556 617 593 pro
647 543 749 581 fama
779 541 924 580 vincite
953 550 1090 580 vestra.

169 609 233 647 ille
263 608 374 647 dedit
403 609 481 646 leto
511 608 640 654 fortes,
673 620 742 645 vos
772 606 904 657 pellite
934 607 1072 644 molles

169 683 207 713 et
236 675 404 724 patrium
435 672 597 711 retinete
627 672 759 710 decus.
818 670 849 708 si
879 671 956 708 fata
985 672 1170 709 vetabant

170 747 270 777 stare
300 740 367 778 diu
398 738 571 784 Thebas,
605 737 757 775 utinam
788 743 985 774 tormenta
1014 735 1163 785 virique

169 802 327 842 moenia
356 803 569 849 diruerent,
598 801 823 850 ferrumque
853 800 1033 850 ignisque
1064 807 1259 839 sonarent.
1441 815 1505 846 550

169 881 343 907 essemus
372 866 503 905 miseri
534 866 617 905 sine
647 865 821 912 crimine,
854 878 1016 915 sorsque
1045 866 1258 915 querenda,

169 947 248 972 non
278 933 444 971 celanda
475 933 585 978 foret,
617 930 880 981 lacrimaeque
910 931 1060 980 pudore
1089 937 1277 969 carerent.

168 1006 207 1037 at
237 1011 342 1036 nunc
372 1011 394 1036 a
424 1010 545 1047 puero
575 996 739 1035 Thebae
769 995 972 1045 capientur
1002 996 1152 1043 inermi,

169 1076 287 1112 quem
319 1075 448 1112 neque
478 1062 581 1100 bella
610 1061 744 1099 iuvant
774 1073 847 1099 nec
877 1062 954 1099 tela
984 1074 1057 1099 nec
1086 1074 1180 1099 usus
1210 1073 1415 1110 equorum,

169 1129 238 1166 sed
269 1127 417 1166 madidi
448 1140 577 1165 murra
607 1125 732 1164 crines
764 1127 982 1176 mollesque
1012 1138 1182 1164 coronae
1440 1141 1504 1174 555

169 1205 418 1243 purpuraque
448 1200 485 1230 et
515 1191 629 1242 pictis
659 1191 851 1229 intextum
881 1191 1056 1229 vestibus
1085 1205 1236 1230 aurum.

169 1271 286 1308 quern
318 1258 479 1308 quidem
510 1269 583 1306 ego
613 1263 789 1294 actutum
819 1255 961 1307 (modo
989 1269 1059 1295 vos
1087 1256 1283 1307 absistite)
1314 1269 1452 1306 cogam

167 1325 505 1372 adsumptumque
534 1329 684 1371 patrem
715 1329 1021 1371 commentaque
1051 1334 1160 1360 sacra
1188 1322 1309 1360 fateri.

168 1403 218 1427 an
248 1388 340 1427 satis
372 1386 525 1425 Acrisio
555 1393 613 1425 est
641 1385 764 1424 animi
791 1393 1048 1425 contemnere
1077 1399 1223 1424 vanum

168 1466 317 1491 numen
347 1460 384 1491 et
413 1452 614 1502 Argolicas
644 1450 816 1489 venienti
847 1451 1029 1489 claudere
1059 1453 1221 1501 portas?
1440 1456 1506 1497 560

170 1519 348 1557 Penthea
377 1516 535 1556 terrebit
565 1529 657 1554 cum
686 1516 778 1554 totis
808 1517 962 1554 advena
991 1516 1171 1554 Thebis?

171 1586 244 1621 ‘ite
274 1582 361 1621 citi⁷
393 1581 564 1630 (famulis
593 1582 670 1618 hoc
700 1580 885 1631 imperat)
916 1580 990 1619 ‘ite
1019 1581 1244 1631 ducemque

168 1648 349 1686 attrahite
378 1648 456 1685 huc
486 1646 672 1685 vinctum.
732 1645 846 1684 iussis
877 1658 987 1683 mora
1015 1645 1143 1696 segnis
1172 1645 1336 1684 abest0.'

169 1715 275 1752 hunc
303 1727 410 1760 avus,
443 1714 548 1751 hunc
578 1713 781 1759 Athamas,
814 1712 920 1749 hunc
949 1719 1079 1750 cetera
1107 1711 1222 1750 turba
1253 1724 1412 1750 suorum

169 1778 383 1829 corripiunt
412 1778 527 1817 dictis
557 1779 775 1826 frustraque
805 1776 984 1814 inhibere
1014 1777 1204 1815 laborant.
1439 1781 1504 1823 565

168 1844 293 1883 acrior
321 1842 528 1882 admonitu
559 1849 628 1888 est,
661 1841 909 1890 irritaturque
939 1848 1090 1879 retenta

169 1917 207 1948 et
237 1908 375 1947 crescit
404 1907 542 1955 rabies,
573 1905 925 1955 moderaminaque
954 1905 1038 1956 ipsa
1066 1905 1278 1944 nocebant.

170 1973 224 2011 sic
254 1986 327 2023 ego
356 1979 581 2019 torrentem,
614 1984 692 2021 qua
721 1970 775 2008 nil
806 1970 990 2009 obstabat
1020 1970 1139 2016 eunti,

169 2039 295 2076 lenius
326 2047 363 2076 et
393 2037 553 2076 modico
584 2038 747 2086 strepitu
778 2037 984 2074 decurrere
1015 2035 1118 2074 vidi:

168 2111 207 2141 at
237 2116 488 2153 quacumque
517 2103 646 2141 trabes
677 2102 958 2151 obstructaque
987 2114 1078 2139 saxa
1107 2100 1306 2146 tenebant,
1439 2113 1505 2147 570

170 2181 356 2218 spumeus
386 2175 423 2206 et
453 2168 605 2206 fervens
635 2174 673 2205 et
702 2167 752 2205 ab
783 2165 898 2204 obice
927 2165 1078 2204 saevior
1107 2165 1199 2204 ibat.

170 2246 262 2271 ecce
292 2232 483 2271 cruentati
514 2233 690 2279 redeunt,
723 2240 761 2270 et
793 2231 972 2269 Bacchus
1003 2230 1070 2268 ubi
1101 2238 1200 2269 esset

171 2297 374 2348 quaerenti
404 2298 579 2344 domino,
613 2297 814 2335 Bacchum
845 2295 989 2333 vidisse
1018 2302 1220 2344 negarunt.
