1747 2620
564 45 603 81 P.
637 43 800 82 OVIDI
834 43 1072 81 NASONIS
1116 37 1118 39 ¹

158 151 223 189 ille
252 163 360 190 mero
390 164 613 202 somnoque
641 152 767 202 gravis
799 152 967 190 titubare
998 151 1151 190 videtur

157 217 299 266 vixque
329 216 452 266 sequi.
511 225 648 268 specto
678 218 829 256 cultum
860 216 1082 266 faciemque
1111 218 1383 266 gradumque:

158 281 212 319 nil
242 281 295 319 ibi
326 283 434 331 quod
465 282 570 321 credi
602 291 734 333 posset
765 284 928 320 mortale
959 282 1156 320 videbam.
1430 288 1494 320 610

157 353 195 384 et
225 346 328 384 sensi
358 353 396 385 et
425 346 504 385 dixi
534 347 664 396 sociis,
696 348 840 397 “quod
871 359 1019 386 numen
1050 348 1089 384 in
1120 346 1194 384 isto

157 423 321 460 corpore
350 411 399 449 sit
427 411 580 459 dubito,
611 413 681 451 sed
711 425 875 462 corpore
904 424 1054 450 numen
1084 413 1123 449 in
1154 411 1229 449 isto
1259 419 1327 450 est.

158 475 335 526 quisquis
365 489 420 524 es,
449 489 473 514 o
503 478 632 515 faveas
664 477 885 527 nostrisque
915 476 1116 515 laboribus
1145 476 1272 515 adsis:

157 540 216 579 his
245 553 406 591 quoque
435 542 505 580 des
535 542 726 581 veniam.''
784 545 891 592 “pro
921 543 1034 580 nobis
1066 541 1175 580 mitte
1206 542 1353 591 precari
1372 543 1390 559 '³

160 605 296 656 Dictys
325 607 388 653 ait,
421 619 500 656 quo
531 621 611 645 non
641 607 740 645 alius
770 608 1039 646 conscendere
1069 620 1243 644 summas
1426 613 1490 655 615

157 670 265 709 ocior
293 679 499 710 antemnas
530 685 754 722 prensoque
783 673 950 711 rudente
981 672 1114 710 relabi.

157 737 233 774 hoc
264 736 398 786 Libys,
427 737 504 775 hoc
533 738 656 775 flavus
686 750 824 788 prorae
854 738 976 775 tutela
1007 737 1248 783 Melanthus,

157 802 233 839 hoc
262 801 403 850 probat
432 801 671 840 Alcimedon
701 810 740 841 et
770 801 837 852 qui
868 801 1125 851 requiemque
1155 802 1400 851 modumque

157 880 254 905 voce
283 865 402 906 dabat
432 866 548 906 remis
578 867 799 906 animorum
832 868 1007 906 hortator
1039 869 1237 916 Epopeus.

158 933 234 970 hoc
264 945 402 970 omnes
432 933 522 970 alii:
555 933 724 982 praedae
754 940 833 971 tam
865 946 981 971 caeca
1011 931 1159 982 cupido
1190 939 1259 971 est.
1427 937 1492 970 620

160 1000 276 1035 “non
307 1004 439 1036 tamen
469 998 572 1036 hanc
602 1011 713 1036 sacro
743 997 877 1036 violari
907 998 1083 1047 pondere
1113 997 1249 1047 pinum

157 1061 385 1112 perpetiar‚’⁷
414 1062 517 1101 dixi:
556 1065 682 1112 “pars
713 1063 777 1100 hic
806 1062 902 1100 mihi
934 1062 1102 1100 maxima
1133 1061 1224 1099 iuris
1239 1064 1282 1101 ²¹:

158 1127 277 1177 inque
305 1127 414 1165 aditu
445 1127 607 1166 obsisto.
667 1127 757 1166 furit
785 1127 1071 1166 audacissimus
1101 1128 1209 1166 omni

157 1194 208 1231 de
239 1205 405 1231 numero
435 1193 626 1243 Lycabas,
658 1192 726 1243 qui
756 1194 887 1231 Tusca
917 1194 1051 1242 pulsus
1081 1193 1132 1232 ab
1163 1194 1259 1231 urbe

157 1257 335 1296 exsilium
366 1257 449 1296 dira
480 1271 650 1307 poenam
681 1271 752 1308 pro
782 1259 905 1297 caede
934 1257 1079 1296 luebat.
1428 1265 1494 1305 625

157 1322 188 1360 is
218 1322 325 1370 mihi,
358 1322 453 1361 dum
484 1329 598 1370 resto,
630 1322 790 1361 iuvenili
818 1330 975 1373 guttura
1004 1336 1138 1373 pugno

157 1387 270 1437 rupit,
302 1394 339 1426 et
370 1400 577 1426 excussum
609 1387 776 1427 misisset
806 1389 846 1426 in
875 1400 1058 1438 aequora,
1091 1388 1121 1425 si
1151 1401 1231 1426 non

157 1453 382 1500 haesissem,
414 1453 593 1503 quamvis
622 1467 771 1502 amens,
804 1454 843 1491 in
873 1455 967 1492 fune
996 1461 1184 1492 retentus.

157 1517 278 1568 impia
307 1517 421 1556 turba
450 1518 591 1568 probat
619 1519 778 1557 factum.
838 1525 922 1557 tum
953 1519 1126 1568 denique
1157 1519 1339 1556 Bacchus

159 1583 357 1630 (Bacchus
387 1581 492 1621 enim
522 1582 663 1633 fuerat)
693 1582 813 1622 veluti
843 1584 1016 1621 clamore
1047 1584 1197 1621 solutus
1429 1589 1492 1629 630

158 1647 206 1686 sit
237 1660 364 1697 sopor,
396 1660 498 1698 aque
528 1661 638 1686 mero
668 1649 830 1687 redeant
860 1648 900 1686 in
931 1656 1090 1698 pectora
1120 1661 1269 1695 sensus,

161 1712 292 1761 “quid
322 1711 476 1750 facitis?
506 1712 594 1762 quis
623 1713 834 1751 clamor?'’
864 1713 917 1751 ait
950 1716 1073 1763 “qua‚
1107 1713 1237 1760 dicite,
1270 1720 1425 1760 nautae,

158 1778 236 1815 huc
266 1789 342 1827 ope
371 1777 562 1827 perveni?
592 1790 673 1827 quo
703 1791 766 1816 me
796 1779 946 1817 deferre
976 1779 1180 1828 paratis?’'

162 1845 302 1892 “pone
334 1849 482 1880 metum
498 1843 516 1859 ”
547 1843 714 1881 Proreus
746 1844 820 1880 “et
850 1855 950 1892 quos
980 1844 1208 1893 contingere
1237 1850 1373 1893 portus

159 1908 233 1946 ede
262 1906 357 1945 velis
371 1908 402 1953 '',
434 1907 555 1945 dixit:
595 1910 736 1945 “terra
765 1906 901 1946 sistere
930 1907 1088 1957 petita.''
1428 1915 1492 1955 635

161 1975 181 1991 “
200 1973 342 2010 Naxon
360 1972 378 1988 ”
406 1971 459 2009 ait
491 1970 610 2009 Liber
641 1974 815 2010 “cursus
845 1971 1036 2010 advertite
1066 1979 1226 2012 vestros.

160 2037 224 2075 illa
253 2036 349 2074 mihi
378 2037 522 2075 domus
551 2044 620 2085 est,
654 2036 766 2075 vobis
795 2036 867 2075 erit
896 2036 1053 2086 hospita
1083 2039 1242 2077 tellus'·'.

159 2116 228 2153 per
258 2115 364 2141 mare
392 2103 549 2140 fallaces
578 2115 726 2152 perque
756 2102 891 2141 omnia
921 2103 1085 2141 numina
1115 2104 1242 2142 iurant

161 2167 216 2206 sic
245 2168 338 2215 fore,
370 2180 514 2217 meque
543 2167 682 2206 iubent
712 2166 840 2217 pictae
870 2168 964 2207 dare
994 2169 1079 2207 vela
1108 2168 1275 2208 carinae.

160 2233 321 2271 dextera
350 2233 484 2270 Naxos
514 2240 605 2271 erat.
665 2233 800 2271 dextra
830 2232 926 2271 mihi
955 2233 1075 2272 lintea
1105 2235 1230 2281 danti,
1430 2240 1495 2281 640

162 2299 297 2349 “quid
327 2297 431 2345 facis,
462 2311 486 2335 o
516 2299 692 2345 demens,
716 2299 804 2348 quis
834 2306 871 2338 te
901 2300 1110 2337 furor—?'’
1140 2299 1267 2349 inquit
1289 2300 1491 2349 Opheltes.
