1747 2778
422 149 460 185 M
472 147 976 186 13‘1'AMORPHOSEON
1012 149 1110 185 LIB.
1148 149 1207 186 lII

150 255 246 295 nulli
277 256 384 295 illum
417 257 587 304 iuvenes,
619 257 748 295 nullae
778 257 938 307 tetigere
968 258 1133 307 puellae.
1417 274 1478 307 355

150 321 318 373 adspicit
348 323 454 360 hunc
484 321 658 372 trepidos
686 322 900 371 agitantem
932 321 971 359 in
1002 322 1097 361 retia
1125 335 1262 362 cervos

151 386 296 425 vocalis
326 388 510 437 nymphe,
542 400 644 436 quae
674 400 747 424 nec
777 386 938 425 reticere
969 387 1145 437 loquenti

150 465 223 491 nec
252 452 356 502 prior
384 452 467 502 ipsa
496 451 604 502 loqui
634 451 783 498 didicit,
815 451 1044 490 resonabilis
1077 453 1199 490 Echo.

151 530 293 568 corpus
321 518 452 556 adhuc
484 518 607 564 Echo,
640 529 720 554 non
751 530 824 554 vox
854 526 933 555 erat
950 532 958 564 ;
997 525 1034 555 et
1065 526 1196 556 tamen
1229 531 1341 556 usum

150 583 301 633 garrula
331 595 410 620 non
439 583 570 627 alium,
602 594 720 631 quam
753 595 858 619 nunc
890 582 1019 629 habet,
1052 582 1127 621 oris
1158 583 1341 630 habebat,
1419 590 1484 630 360

153 647 317 686 reddere
346 647 396 685 de
427 646 558 684 multis
588 655 629 685 ut
658 646 777 684 verba
806 646 1018 685 novissima
1049 654 1192 697 posset.

152 725 244 762 ergo
274 711 340 750 ubi
373 711 600 750 Narcissum
631 725 700 762 per
728 711 842 750 devia
873 725 957 750 rura
987 719 1194 762 vagantem
1418 728 1485 760 370

152 776 248 816 vidit
278 785 315 816 et
345 776 516 824 incaluit,
549 776 725 826 sequitur
754 776 914 827 vestigia
945 776 1102 825 furtim;

152 855 312 892 quoque
342 842 464 892 magis
494 842 680 892 sequitur,
712 843 871 879 flamma
902 841 1084 892 propiore
1114 842 1283 889 calescit,

153 920 233 946 non
264 908 386 954 aliter,
417 919 536 957 quam
566 919 655 944 cum
687 907 851 944 summis
880 906 1097 944 circumlita
1127 907 1251 946 taedis

152 972 333 1011 admotas
363 972 519 1021 rapiunt
550 970 696 1009 vivacia
727 971 914 1020 sulphura
945 971 1132 1009 flammas.

152 1050 177 1075 o
206 1037 390 1086 quotiens
420 1036 542 1074 voluit
574 1034 729 1074 blandis
758 1035 948 1073 accedere
978 1034 1093 1073 dictis
1421 1051 1485 1084 375

153 1109 192 1140 et
221 1102 360 1140 molles
389 1101 580 1139 adhibere
609 1111 768 1150 preces:
802 1106 940 1138 natura
969 1109 1170 1150 repugnat,

154 1179 227 1206 nec
256 1165 347 1205 sinit
377 1165 562 1215 incipiat3
602 1166 672 1204 sed
701 1166 810 1215 quod
841 1165 943 1212 sinit,
975 1165 1039 1203 illa
1069 1174 1201 1215 parata
1231 1174 1288 1204 est

152 1238 378 1283 exspectare
407 1244 539 1278 sonOS,
569 1231 620 1269 ad
649 1243 750 1280 quos
779 1243 849 1268 sua
877 1230 995 1269 verba
1024 1232 1205 1269 remittat.

155 1299 255 1337 forte
283 1309 381 1347 puer
410 1295 600 1334 comitum
632 1296 818 1334 seductus
846 1295 898 1333 ab
926 1295 1083 1345 agmine
1114 1297 1194 1334 fido

155 1363 316 1409 dixerat,
351 1361 508 1412 ‘ecquis
537 1361 699 1399 adest?'
730 1368 767 1399 et
799 1361 956 1399 ‘adest'
987 1362 1243 1411 responderat
1275 1363 1400 1400 Echo.
1426 1369 1490 1407 380

156 1428 219 1467 hic
249 1434 403 1477 stupet;
442 1433 564 1476 utque
592 1426 718 1464 aciem
749 1433 877 1475 partes
908 1425 1070 1464 dimittit
1099 1426 1138 1464 in
1169 1439 1320 1475 ornnes,

156 1506 253 1532 voce
285 1493 394 1530 ‘veni
415 1492 443 1529 !'
474 1504 617 1542 magna
645 1492 813 1529 clamat:
853 1499 967 1529 vocat
997 1491 1060 1529 illa
1090 1499 1310 1531 vocantem.

155 1557 324 1608 respicit,
354 1564 392 1595 et
420 1569 551 1594 rursus
581 1556 690 1594 nullo
719 1555 913 1603 veniente,
947 1555 1090 1606 ‘quid,'
1120 1556 1259 1606 inquit,

158 1625 245 1661 ‘me
273 1623 426 1672 fugis?'
455 1629 494 1660 et
523 1620 690 1659 totidem
721 1628 818 1670 quot
847 1620 944 1659 dixit
973 1620 1092 1659 verba
1122 1622 1281 1672 recepit.

157 1694 314 1738 perstat,
345 1694 383 1726 et
411 1688 584 1725 alternae
613 1687 804 1735 deceptus
835 1685 1004 1736 imagine
1034 1686 1151 1734 vocis,
1426 1696 1489 1734 385

158 1753 262 1791 ‘huc
291 1753 500 1791 coeamus’
530 1751 593 1789 ait.
654 1750 830 1800 nullique
860 1750 1045 1789 libentius
1075 1764 1265 1802 umquam

158 1830 392 1868 responsura
421 1829 532 1863 sono,
567 1817 798 1855 ‘coeamus’
828 1815 973 1854 rettulit
1004 1818 1128 1865 Echo,

157 1892 196 1922 et
224 1882 353 1922 verbis
382 1883 484 1921 favet
515 1881 598 1932 ipsa
627 1880 707 1919 suis
737 1893 971 1931 egressaque
1001 1881 1097 1920 silva

158 1949 239 1988 ibat
269 1955 311 1986 ut
341 1948 501 1986 iniceret
531 1953 686 1996 sperato
716 1945 901 1984 bracchia
929 1947 1043 1985 collo.

156 2013 221 2052 ille
249 2011 345 2062 fugit
375 2011 608 2062 fugiensque
639 2023 777 2048 manus
807 2010 1079 2060 complexibus
1108 2012 1243 2050 aufert.
1426 2029 1490 2059 390

157 2085 287 2129 spreta
314 2078 407 2116 latet
437 2075 554 2123 silvis,
586 2075 901 2126 pudibundaque
931 2075 1137 2114 frondibus
1166 2089 1233 2114 ora

158 2142 325 2195 protegit
354 2149 393 2181 et
422 2142 515 2180 solis
545 2154 591 2179 ex
620 2140 687 2179 illo
715 2139 809 2179 vivit
838 2139 877 2178 in
907 2140 1037 2179 antris.

158 2209 228 2247 sed
258 2216 391 2246 tamen
421 2208 554 2245 haeret
584 2219 694 2245 amor
723 2205 943 2256 crescitque
972 2207 1108 2245 dolore
1138 2207 1326 2256 repulsae.
1423 2224 1486 2256 395

158 2280 371 2313 extenuant
401 2271 534 2322 vigiles
564 2284 706 2322 corpus
736 2271 957 2310 miserabile
987 2284 1114 2319 curae,

157 2339 402 2388 adducitque
432 2344 562 2376 cutem
594 2338 750 2385 macies,
782 2344 820 2375 et
851 2336 889 2374 in
920 2349 1010 2376 aera
1038 2350 1156 2376 sucus

158 2403 333 2454 corporis
362 2402 492 2442 omnis
521 2402 603 2441 abit
618 2417 628 2450 3
666 2415 740 2441 vox
771 2410 924 2441 tantum
954 2410 1073 2453 atque
1101 2416 1192 2442 ossa
1220 2411 1438 2454 supersunt.
