1747 2778
450 134 490 171 M
500 133 735 171 ETAMOR
745 132 1006 170 PHOSEON
1044 134 1090 169 Η
1104 133 1141 169 Β.
1181 133 1239 170 111

180 243 332 280 ‘hunc'
363 241 494 280 dixere
527 246 681 280 ‘tamen
713 242 899 279 comitem
932 242 1201 291 famulumque
1232 253 1427 278 sacrorum

176 307 401 358 cepimus';
438 314 476 346 et
506 307 664 345 tradunt
694 305 877 344 manibus
908 314 995 355 post
1025 313 1130 355 terga
1161 305 1342 344 revinctis
1448 321 1508 352 575

177 385 285 411 sacra
314 371 378 411 dei
408 372 607 422 quendam
639 371 841 420 Tyrrhena
871 377 987 420 gente
1018 377 1210 408 secutum.

177 437 359 488 Adspicit
389 438 495 475 hunc
528 437 725 474 Pentheus
754 435 892 483 oculis,
921 449 1021 485 quos
1052 435 1105 473 ira
1135 436 1361 473 tremendos

177 503 319 541 fecerat
348 510 397 548 et,
429 514 670 551 quamquam
701 513 852 550 poenae
882 501 943 538 vix
974 508 1151 550 tempora
1180 499 1318 545 differt,

178 571 226 603 ‘o
255 568 435 617 periture,
469 574 614 615 tuaque
643 565 727 603 aliis
759 566 1000 603 documenta
1029 566 1166 603 dature

177 633 326 678 morte,'
354 631 418 678 ait,
454 631 549 669 ‘ede
579 638 688 668 tuum
721 643 867 668 nomen
898 643 1127 679 nomenque
1157 638 1363 680 parentum
1446 636 1511 678 580

175 704 213 734 et
243 696 420 747 patriam,
452 695 652 745 morisque
682 697 773 733 novi
803 709 872 733 cur
902 708 1010 733 sacra
1040 696 1289 745 frequentes!

231 762 303 800 Ille
333 770 440 800 metu
471 773 630 807 vacuus,
662 764 834 798 ‘nomen
865 759 982 797 mihi'
1011 759 1108 798 dixit
1141 762 1344 805 ‘Acoetes,

176 826 299 877 patria
330 826 518 865 Maeonia
547 834 617 871 est,
651 827 787 863 humili
819 826 868 864 de
898 825 1014 875 plebe
1044 832 1237 875 parentes.

175 904 256 930 non
289 891 382 929 mihi
414 903 516 940 quae
546 892 631 929 duri
663 891 835 929 colerent
866 898 974 940 pater
1002 903 1093 928 arva
1123 889 1274 928 iuvenci

176 955 419 1006 lanigerosve
447 968 598 1006 gregeS‚
628 968 709 994 non
740 956 818 992 ulla
846 963 1024 993 armenta
1053 954 1232 1004 reliquit:
1447 962 1506 1001 585

174 1033 323 1071 pauper
351 1028 389 1059 et
419 1020 502 1071 ipse
533 1020 617 1067 fuit,
647 1019 807 1069 linoque
837 1019 989 1058 solebat
1019 1027 1057 1058 et
1086 1019 1212 1057 hamis

174 1086 356 1136 decipere
385 1093 423 1124 et
452 1086 605 1124 calamo
636 1085 818 1124 salientes
847 1085 991 1123 ducere
1022 1084 1159 1134 pisces

172 1163 233 1188 ars
263 1150 315 1189 illi
347 1163 417 1189 sua
446 1163 588 1189 census
619 1158 711 1189 erat.
770 1163 861 1188 cum
892 1151 1060 1189 traderet
1090 1158 1225 1197 artem,

175 1215 348 1266 “accipe
378 1229 475 1266 quas
505 1216 650 1263 habeo,
678 1214 796 1254 studii
827 1228 1030 1254 successor
1059 1223 1096 1254 et
1127 1216 1239 1254 heres
1256 1217 1288 1263 ⁷'‚

173 1280 270 1320 dixit
302 1282 482 1331 “opes⁷’.
542 1282 793 1330 moriensque
823 1280 918 1318 mihi
949 1280 1002 1318 nil
1034 1281 1096 1319 ille
1126 1280 1281 1330 reliquit
1443 1296 1508 1327 590

173 1353 326 1396 praeter
353 1359 502 1396 aquas:
542 1359 663 1384 unum
696 1347 772 1384 hoc
802 1359 962 1396 possum
992 1347 1188 1395 appellare
1219 1353 1436 1395 paternum.

174 1423 264 1449 mox
293 1424 378 1461 ego,
411 1424 460 1450 ne
489 1410 660 1460 scopulis
690 1412 891 1449 haererem
922 1423 1076 1461 semper
1105 1410 1144 1448 in
1175 1410 1312 1458 isdem,

171 1475 345 1514 addidici
377 1475 550 1526 regimen
580 1477 715 1514 dextra
746 1476 977 1515 moderante
1006 1475 1161 1514 carinae

173 1541 342 1588 flectere,
371 1548 410 1579 et
439 1540 607 1580 Oleniae
635 1540 744 1579 sidus
774 1539 944 1590 pluviale
975 1541 1162 1590 Capellae

172 1607 457 1656 Taygetenque
489 1607 734 1656 Hyadasque
764 1604 888 1644 oculis
918 1607 1148 1655 Arctonque
1179 1605 1309 1643 notavi
1443 1621 1506 1652 595

173 1678 459 1720 ventorumque
488 1671 629 1709 domos
659 1678 697 1708 et
727 1678 862 1719 portus
893 1669 1093 1719 puppibus
1121 1677 1247 1719 aptos.

173 1736 271 1774 forte
300 1744 438 1786 petens
472 1736 603 1774 Delon
635 1734 759 1774 Chiae
789 1734 936 1773 telluris
965 1735 1016 1772 ad
1046 1747 1132 1772 oras

171 1800 348 1851 applicor
377 1809 415 1839 et
445 1799 589 1840 dextris
619 1800 797 1838 adducor
826 1799 938 1838 litora
968 1799 1095 1846 remis,

171 1866 306 1915 doque
335 1866 440 1904 leves
471 1866 592 1903 saltus
622 1865 805 1914 udaeque
835 1863 1025 1902 immittor
1054 1865 1234 1903 harenae.

171 1943 249 1969 nox
278 1930 347 1969 ubi
375 1938 612 1980 consumpta
642 1937 700 1968 est
732 1930 888 1980 (aurora
917 1929 1124 1968 rubescere
1153 1929 1280 1979 primo
1441 1935 1506 1967 600

171 1994 382 2047 coeperat),
414 2008 579 2045 exsurgo
609 1994 824 2044 laticesque
854 1993 993 2032 inferre
1023 2002 1199 2033 recentes

170 2063 380 2108 admoneo,
413 2069 667 2110 monstroque
697 2060 799 2098 viam
830 2073 931 2109 quae
960 2059 1070 2098 ducit
1099 2061 1150 2098 ad
1180 2061 1318 2098 undas.

171 2126 253 2176 ipse
283 2126 379 2176 quid
408 2139 501 2164 aura
531 2124 626 2163 mihi
656 2126 809 2163 tumulo
839 2124 1039 2174 promittat
1068 2125 1118 2163 ab
1148 2126 1228 2163 alto

171 2191 368 2242 prospicio
397 2190 642 2241 comitesque
672 2203 771 2229 voco
802 2199 1017 2241 repetoque
1046 2190 1231 2229 carinam.

173 2256 397 2294 “adsumus
426 2269 475 2294 en
494 2256 534 2293 !⁷’
564 2255 690 2305 inquit
720 2254 917 2293 sociorum
950 2254 1097 2304 primus
1127 2256 1331 2306 Opheltes,
1437 2262 1502 2302 605

170 2328 293 2371 utque
323 2328 448 2370 putat,
477 2321 662 2370 praedam
693 2322 849 2359 deserto
880 2328 1016 2358 nactus
1047 2322 1084 2358 in
1113 2334 1219 2370 agro,

172 2385 344 2436 virginea
372 2398 537 2435 puerum
567 2385 677 2424 ducit
707 2398 775 2435 per
804 2386 917 2423 litora
946 2385 1081 2424 forma.
