1747 2620
592 50 634 86 1’.
665 48 824 87 OVIDI
857 47 1093 85 NASONIS

189 166 227 196 et
258 157 409 196 levibus
439 157 527 195 tofis
556 155 733 195 nativum
763 156 926 194 duxerat
955 169 1101 194 arcum.

190 223 278 260 fons
307 229 420 261 sonat
449 235 472 260 a
500 223 647 268 dextra,
679 220 786 259 tenui
816 221 1042 270 perlucidus
1073 221 1196 266 unda,

190 286 364 338 margine
391 286 593 337 gramineo
622 287 778 336 patulos
808 286 1032 324 succinctus
1062 286 1202 323 hiatus.

190 352 252 390 hic
282 353 357 391 dea
385 353 567 390 silvarum
597 358 741 390 venatu
771 351 872 389 fessa
901 350 1053 389 solebat

188 417 381 467 virgineos
411 424 516 454 artus
545 415 697 466 liquido
726 415 959 466 perfundere
988 427 1083 453 rore.

189 494 269 531 quo
298 487 508 531 postquam
539 479 668 528 subiit,
701 481 961 530 nympharum
993 478 1153 518 tradidit
1183 477 1247 516 uni

187 545 400 596 armigerae
428 545 598 584 iaculum
628 546 931 595 pharetramque
958 557 1151 594 arcusque
1180 549 1361 582 retentos.

187 613 307 650 altera
335 610 540 661 depositae
566 609 733 649 subiecit
762 609 946 648 bracchia
975 611 1112 660 pallae,

188 676 314 713 vincla
343 675 445 713 duae
474 674 643 724 pedibus
672 675 839 713 demunt
853 688 863 722 3
897 687 989 712 nam
1019 672 1172 712 doctior
1201 671 1276 710 illis

190 739 357 779 Ismenis
388 740 552 779 Crocale
581 752 735 789 sparsos
764 751 832 789 per
861 739 961 776 colla
991 737 1153 788 capillos

188 803 334 855 colligit
364 805 403 842 in
433 805 599 852 nodum,
629 803 808 854 quamvis
838 811 918 842 erat
948 803 1032 853 ipsa
1061 802 1209 842 solutis.

188 869 387 920 excipiunt
416 869 573 908 laticem
604 869 865 919 Nepheleque
896 870 1106 918 Hyaleque
1137 865 1370 915 Rhanisque

187 943 225 974 et
256 937 397 973 Psecas
427 942 466 972 et
496 933 631 973 Phiale
661 934 912 984 funduntque
941 932 1152 983 capacibus
1183 930 1302 970 urnis.

189 1001 365 1050 dumque
394 1000 447 1038 ibi
477 999 665 1049 perluitur
694 998 808 1037 solita
837 998 994 1036 Titania
1022 998 1193 1048 lympha,

189 1079 281 1105 ecce
310 1077 435 1114 nepos
466 1064 624 1112 Cadmi,
652 1065 773 1102 dilata
801 1070 910 1113 parte
938 1063 1131 1110 laborum,

189 1143 257 1181 per
286 1142 426 1168 nemus
455 1128 634 1179 ignotum
665 1142 746 1166 non
775 1127 890 1166 certis
919 1127 1100 1178 passibus
1130 1139 1261 1165 errans

188 1193 365 1246 pervenit
394 1193 433 1232 in
463 1195 621 1232 lucum:
652 1192 708 1232 sic
738 1192 849 1231 illum
878 1193 958 1231 fata
987 1192 1175 1231 ferebant.

189 1259 256 1310 qui
287 1260 402 1298 simul
433 1258 587 1297 intravit
617 1258 787 1297 rorantia
815 1257 991 1296 fontibus
1020 1264 1141 1304 antra,

187 1324 286 1363 sicut
316 1331 440 1372 erant,
470 1323 553 1363 viso
584 1324 715 1363 nudae
745 1336 815 1361 sua
844 1330 1004 1373 pectora
1033 1321 1231 1372 nymphae

188 1400 414 1438 percussere
442 1388 535 1436 viro,
567 1387 787 1438 subitisque
816 1386 1030 1425 ululatibus
1060 1398 1180 1425 omne

189 1453 401 1504 implevere
430 1467 585 1502 nemus,
613 1452 953 1503 circumfusaeque
984 1451 1156 1490 Dianam

190 1517 420 1567 corporibus
449 1526 579 1557 texere
609 1518 687 1556 suis
703 1530 713 1565 ,·
744 1525 877 1555 tamen
906 1516 1020 1555 altior
1049 1515 1123 1554 illis

189 1582 273 1633 ipsa
302 1583 377 1622 dea
406 1589 464 1621 est
493 1584 677 1633 colloque
707 1589 821 1620 tenus
851 1581 1117 1631 supereminet
1146 1592 1296 1619 omnes.

190 1647 258 1697 qui
287 1648 395 1685 color
425 1647 578 1686 infectis
608 1647 760 1686 adversi
790 1647 882 1685 solis
911 1645 962 1685 ab
992 1645 1071 1684 ictu

191 1711 363 1750 nubibus
393 1725 478 1750 esse
508 1713 618 1759 solet,
649 1719 716 1750 aut
745 1724 964 1761 purpureae
992 1722 1165 1757 aurorae,

190 1777 221 1814 is
251 1776 322 1814 fuit
350 1776 391 1815 in
420 1777 530 1815 vultu
559 1775 664 1815 visae
693 1775 777 1814 sine
807 1783 913 1814 veste
944 1774 1108 1814 Dianae.

191 1855 292 1892 quae
322 1854 562 1892 quamquam
593 1841 783 1879 comitum
814 1839 929 1878 turba
958 1839 1100 1889 stipata
1129 1852 1298 1885 suarum,

192 1905 232 1944 in
261 1907 360 1944 latus
390 1904 597 1955 obliquum
628 1912 762 1943 tamen
791 1902 952 1951 abstitit,
984 1916 1131 1953 oraque
1159 1910 1261 1942 retro

192 1970 308 2018 flexit,
340 1978 393 2018 et,
421 1977 464 2008 ut
493 1971 609 2008 vellet
637 1976 839 2020 promptas
868 1967 1053 2007 habuisse
1081 1967 1250 2018 sagittas,

191 2049 288 2085 quas
317 2034 467 2082 habuit,
499 2035 553 2073 sic
583 2035 713 2073 hausit
741 2047 863 2084 aquas
893 2034 1127 2084 vultumque
1155 2031 1305 2071 virilem

192 2097 373 2147 perfudit,
406 2110 672 2148 spargensque
701 2109 836 2135 comas
866 2095 1069 2134 ultricibus
1099 2095 1227 2142 undis,

191 2162 345 2201 addidit
374 2164 472 2200 haec
502 2163 624 2201 cladis
654 2159 887 2213 praenuntia
915 2160 1034 2201 verba
1063 2161 1241 2199 futurae:

195 2231 322 2265 ‘nunc
351 2226 421 2266 tibi
452 2240 515 2265 me
545 2226 675 2276 posito
704 2226 826 2266 visam
856 2227 1050 2264 velamine
1080 2238 1222 2271 narres,

193 2292 224 2331 si
253 2294 397 2343 poteris
428 2306 591 2339 narrare,
624 2293 737 2331 licet.'
796 2306 869 2332 nec
898 2294 1008 2343 plura
1039 2294 1195 2339 minata,

1459 159 1521 190 160

1456 482 1517 523 165

1461 815 1520 847 170

1456 1139 1518 1173 ι75

1458 1456 1520 1486 180

1460 1781 1522 1822 185

1460 2109 1524 2143 190
