1747 2620
588 58 625 93 P.
657 56 754 95 OVI
764 57 820 94 DI
854 56 1093 94 NASONIS

182 164 245 203 ille
275 166 370 214 sugit
400 178 468 215 per
496 178 598 215 quae
628 167 750 204 fuerat
780 167 867 204 loca
895 178 1014 216 saepe
1043 173 1213 210 secutus,

182 229 259 268 heu
290 231 456 269 famulos
486 230 582 280 fugit
612 230 695 281 ipse
724 244 828 269 suos.
888 232 1056 269 clamare
1087 229 1244 275 libebat,

183 296 384 334 ‘Actaeon
416 308 488 346 ego
518 308 616 343 sum,
651 295 857 335 dominum
888 294 1116 345 cognoscite
1145 295 1362 333 vestruml’

180 359 299 398 verba
327 359 461 399 animo
490 361 658 399 desunt:
698 368 854 399 resonat
884 359 1087 399 latratibus
1116 360 1261 398 aether.

182 423 307 474 prima
338 426 636 464 Melanchaetes
665 424 705 463 in
735 433 843 475 tergo
873 426 1034 463 vulnera
1063 424 1164 471 fecit,

182 489 358 539 proxima
387 490 659 529 Therodamas
674 504 684 537 3
723 489 1002 540 Oresitrophus
1033 489 1158 528 haesit
1188 488 1227 527 in
1256 502 1390 528 armo:

184 554 348 604 (tardius
378 556 567 603 exierant,
600 556 670 594 sed
700 568 768 606 per
798 555 1036 605 compendia
1066 555 1211 593 montis

182 619 394 670 anticipata
423 621 485 658 via
513 620 602 672 est.)
659 620 866 659 dominum
897 620 1157 659 retinentibus
1187 618 1273 666 illis,

182 692 311 724 cetera
341 685 454 723 turba
483 685 562 723 coit
592 686 822 735 confertque
853 685 892 722 in
923 698 1087 735 corpore
1117 685 1268 724 dentes.

183 749 259 787 iarn
290 751 377 788 loca
406 749 633 789 vulneribus
663 751 829 789 desunt:
870 749 991 799 gemit
1020 749 1085 788 ille
1115 761 1337 798 sonumque

184 815 255 854 etsi
285 829 365 853 non
395 815 576 862 hominis,
609 829 728 865 quem
759 829 840 853 non
870 822 1004 854 tamen
1033 816 1151 854 edere
1180 813 1303 865 possit

183 894 331 929 cervus,
363 881 493 928 habet,
526 880 764 931 maestisque
794 882 917 930 replet
946 880 1034 930 iuga
1064 888 1158 919 nota
1187 878 1366 930 querelis,

184 954 222 984 et
251 945 417 996 genibus
446 945 580 995 pronis
609 947 772 997 supplex
803 945 1020 995 similisque
1051 944 1202 995 roganti

184 1012 407 1050 circumfert
437 1011 586 1057 tacitos,
620 1018 822 1060 tamquam
853 1023 924 1048 sua
953 1009 1147 1057 bracchia,
1180 1010 1320 1048 vultus.

182 1084 220 1115 at
251 1076 415 1115 comites
444 1075 624 1125 rapidum
655 1075 778 1114 solitis
809 1075 1031 1114 hortatibus
1061 1087 1205 1125 agmen

183 1140 306 1191 ignari
336 1140 532 1191 instigant,
564 1140 769 1190 oculisque
800 1142 1005 1179 Actaeona
1034 1146 1239 1190 quaerunt,

183 1214 222 1245 et
250 1207 357 1245 velut
386 1206 593 1245 absentem
624 1204 802 1244 certatim
834 1207 1039 1244 Actaeona
1068 1206 1250 1251 clamant,

185 1272 252 1320 (ad
281 1284 428 1310 nomen
459 1277 577 1321 caput
607 1271 670 1309 ille
700 1270 832 1320 refert)
862 1277 901 1308 et
929 1270 1068 1308 abesse
1098 1276 1318 1319 queruntur

184 1349 258 1375 nec
287 1348 426 1386 capere
456 1335 613 1374 oblatae
641 1348 802 1386 segnem
833 1336 1057 1386 spectacula
1085 1335 1265 1385 praedae.

185 1402 300 1440 vellet
329 1401 468 1439 abesse
499 1401 672 1451 quidem,
705 1401 775 1440 sed
804 1401 942 1448 adest3
980 1400 1178 1449 velletque
1210 1398 1352 1445 videre,

186 1480 268 1504 non
297 1465 415 1505 etiarn
446 1465 590 1504 sentire
619 1478 763 1504 canum
794 1466 873 1504 fera
903 1466 1005 1503 facta
1037 1477 1209 1503 suorum.

186 1532 363 1581 undique
392 1531 659 1578 circumstant,
691 1531 907 1580 mersisque
937 1529 976 1567 in
1005 1542 1169 1579 corpore
1198 1528 1328 1568 rostris

187 1596 402 1635 dilacerant
432 1596 517 1634 falsi
546 1595 754 1635 dominum
785 1596 858 1634 sub
888 1594 1059 1645 imagine
1088 1594 1202 1633 cervi.

190 1659 290 1714 [nec,
323 1661 397 1700 nisi
428 1661 539 1700 finita
567 1675 636 1712 per
665 1662 832 1711 plurima
861 1661 1022 1699 vulnera
1050 1659 1139 1707 vita,

188 1727 242 1765 ira
272 1728 516 1776 pharetratae
546 1727 664 1765 fertur
693 1725 831 1765 satiata
862 1723 1046 1776 Dianae]

244 1792 397 1830 Rumor
426 1790 464 1829 in
494 1790 682 1841 ambiguo
712 1798 799 1838 est,
835 1789 921 1828 aliis
951 1788 1158 1828 violentior
1185 1801 1316 1839 aequo

188 1855 269 1894 visa
298 1857 374 1895 dea
402 1863 460 1894 est
474 1870 484 1903 3
521 1855 586 1894 alii
615 1856 778 1894 laudant
807 1854 1047 1905 dignamque
1077 1866 1212 1892 severa

190 1920 410 1972 virginitate
440 1928 607 1969 vocant;
646 1933 734 1971 pars
764 1919 914 1959 invenit
943 1926 1108 1969 utraque
1137 1931 1287 1957 causas.

737 2022 774 2059 N
778 2031 986 2059 ARCISSUS.

245 2110 429 2158 Namque
458 2115 515 2148 ter
543 2109 594 2148 ad
623 2109 766 2157 quinos
796 2120 920 2146 unum
951 2106 1162 2157 Cephisius
1191 2120 1318 2146 annos

189 2174 407 2220 addiderat,
439 2180 672 2224 poteratque
702 2185 798 2222 puer
826 2171 1058 2222 iuvenisque
1088 2171 1224 2211 videri.

191 2237 303 2276 multi
332 2237 441 2276 illum
471 2238 646 2284 iuvenes,
678 2239 825 2277 multae
855 2238 1012 2287 cupiere
1041 2238 1207 2287 puellae.

191 2304 260 2342 sed
291 2304 362 2341 fuit
392 2303 430 2341 in
460 2312 593 2342 tenera
623 2311 701 2341 tam
733 2304 829 2342 dura
860 2302 1042 2352 superbia
1072 2303 1219 2341 forma:

1451 309 1516 341 ²30

1455 633 1516 666 255

1458 959 1521 991 '²40

1458 1284 1523 1316 245

1458 1609 1523 1641 250

1460 1935 1523 1965 ²55

1461 2121 1521 2154 35¹
