<?xml version="1.0" encoding="UTF-8"?>
<!DOCTYPE html PUBLIC "-//W3C//DTD XHTML 1.0 Transitional//EN"
    "http://www.w3.org/TR/xhtml1/DTD/xhtml1-transitional.dtd">
<html xmlns="http://www.w3.org/1999/xhtml" xml:lang="en" lang="en">
 <head>
  <title>
</title>
<meta http-equiv="Content-Type" content="text/html;charset=utf-8" />
  <meta name='ocr-system' content='tesseract 3.04.00' />
  <meta name='ocr-capabilities' content='ocr_page ocr_carea ocr_par ocr_line ocrx_word'/>
</head>
<body>
  <div class='ocr_page' id='page_1' title='image "./metamorphoseonli03oviduoft/metamorphoseonli03oviduoft_0044.png"; bbox 0 0 1747 2620; ppageno 0'>
   <div class='ocr_carea' id='block_1_1' title="bbox 590 47 1129 86">
    <p class='ocr_par' dir='ltr' id='par_1_1' title="bbox 590 47 1129 86">
     <span class='ocr_line' id='line_1_1' title="bbox 590 47 1129 86; baseline 0 -1"><span class='ocrx_word' id='word_1_1' title='bbox 590 49 630 85; x_wconf 90' lang='lat' dir='ltr'>P.</span> <span class='ocrx_word' id='word_1_2' title='bbox 663 48 827 86; x_wconf 86' lang='lat' dir='ltr'>OVIDI</span> <span class='ocrx_word' id='word_1_3' title='bbox 859 47 1097 85; x_wconf 80' lang='lat' dir='ltr'>NASONIS</span> <span class='ocrx_word' id='word_1_4' title='bbox 1127 76 1129 78; x_wconf 84' lang='grc'>-</span> 
     </span>
    </p>
   </div>
   <div class='ocr_carea' id='block_1_2' title="bbox 182 155 1520 2346">
    <p class='ocr_par' dir='ltr' id='par_1_2' title="bbox 184 155 1134 208">
     <span class='ocr_line' id='line_1_2' title="bbox 184 155 1134 208; baseline -0.005 -11"><span class='ocrx_word' id='word_1_5' title='bbox 184 160 258 206; x_wconf 88' lang='lat' dir='ltr'>hic,</span> <span class='ocrx_word' id='word_1_6' title='bbox 291 157 358 208; x_wconf 89' lang='lat' dir='ltr'>qui</span> <span class='ocrx_word' id='word_1_7' title='bbox 388 157 570 207; x_wconf 84' lang='lat' dir='ltr'>diligitur,</span> <span class='ocrx_word' id='word_1_8' title='bbox 603 158 742 196; x_wconf 82' lang='lat' dir='ltr'>vellem</span> <span class='ocrx_word' id='word_1_9' title='bbox 774 155 994 195; x_wconf 82' lang='lat' dir='ltr'>diuturnior</span> <span class='ocrx_word' id='word_1_10' title='bbox 1023 162 1134 193; x_wconf 88' lang='lat' dir='ltr'>esset.</span> 
     </span>
    </p>

    <p class='ocr_par' dir='ltr' id='par_1_3' title="bbox 185 219 1249 262">
     <span class='ocr_line' id='line_1_3' title="bbox 185 219 1249 262; baseline -0.006 0"><span class='ocrx_word' id='word_1_11' title='bbox 185 236 291 262; x_wconf 90' lang='lat' dir='ltr'>nunc</span> <span class='ocrx_word' id='word_1_12' title='bbox 321 224 402 262; x_wconf 90' lang='lat' dir='ltr'>duo</span> <span class='ocrx_word' id='word_1_13' title='bbox 431 223 648 261; x_wconf 84' lang='lat' dir='ltr'>concordes</span> <span class='ocrx_word' id='word_1_14' title='bbox 677 222 809 260; x_wconf 87' lang='lat' dir='ltr'>anima</span> <span class='ocrx_word' id='word_1_15' title='bbox 837 221 1050 259; x_wconf 87' lang='lat' dir='ltr'>moriemur</span> <span class='ocrx_word' id='word_1_16' title='bbox 1079 219 1116 257; x_wconf 91' lang='lat' dir='ltr'>in</span> <span class='ocrx_word' id='word_1_17' title='bbox 1149 220 1249 257; x_wconf 86' lang='lat' dir='ltr'>una.&#39;</span> 
     </span>
    </p>

    <p class='ocr_par' dir='ltr' id='par_1_4' title="bbox 185 285 1232 335">
     <span class='ocr_line' id='line_1_4' title="bbox 185 285 1232 335; baseline -0.006 -8"><span class='ocrx_word' id='word_1_18' title='bbox 185 288 292 335; x_wconf 82' lang='lat' dir='ltr'>dixit,</span> <span class='ocrx_word' id='word_1_19' title='bbox 324 295 362 326; x_wconf 91' lang='lat' dir='ltr'>et</span> <span class='ocrx_word' id='word_1_20' title='bbox 391 288 442 326; x_wconf 84' lang='lat' dir='ltr'>ad</span> <span class='ocrx_word' id='word_1_21' title='bbox 472 287 612 326; x_wconf 87' lang='lat' dir='ltr'>faciem</span> <span class='ocrx_word' id='word_1_22' title='bbox 643 288 757 325; x_wconf 85' lang='lat' dir='ltr'>rediit</span> <span class='ocrx_word' id='word_1_23' title='bbox 788 287 888 324; x_wconf 88' lang='lat' dir='ltr'>male</span> <span class='ocrx_word' id='word_1_24' title='bbox 918 298 1035 324; x_wconf 83' lang='lat' dir='ltr'>sanus</span> <span class='ocrx_word' id='word_1_25' title='bbox 1066 285 1232 323; x_wconf 86' lang='lat' dir='ltr'>eandem</span> 
     </span>
    </p>

    <p class='ocr_par' dir='ltr' id='par_1_5' title="bbox 184 351 1514 466">
     <span class='ocr_line' id='line_1_5' title="bbox 184 351 1514 401; baseline -0.005 -9"><span class='ocrx_word' id='word_1_26' title='bbox 184 362 222 392; x_wconf 91' lang='lat' dir='ltr'>et</span> <span class='ocrx_word' id='word_1_27' title='bbox 252 352 421 391; x_wconf 83' lang='lat' dir='ltr'>lacrimis</span> <span class='ocrx_word' id='word_1_28' title='bbox 451 352 619 391; x_wconf 81' lang='lat' dir='ltr'>turbavit</span> <span class='ocrx_word' id='word_1_29' title='bbox 648 365 782 401; x_wconf 84' lang='lat' dir='ltr'>aquas,</span> <span class='ocrx_word' id='word_1_30' title='bbox 814 351 1061 400; x_wconf 83' lang='lat' dir='ltr'>obscuraque</span> <span class='ocrx_word' id='word_1_31' title='bbox 1092 356 1199 387; x_wconf 90' lang='lat' dir='ltr'>moto</span> <span class='ocrx_word' id='word_1_32' title='bbox 1449 360 1514 394; x_wconf 85' lang='lat'>475</span> 
     </span>
     <span class='ocr_line' id='line_1_6' title="bbox 184 413 1341 466; baseline -0.003 -11"><span class='ocrx_word' id='word_1_33' title='bbox 184 417 337 457; x_wconf 88' lang='lat' dir='ltr'>reddita</span> <span class='ocrx_word' id='word_1_34' title='bbox 366 418 491 455; x_wconf 87' lang='lat' dir='ltr'>forma</span> <span class='ocrx_word' id='word_1_35' title='bbox 520 418 607 454; x_wconf 86' lang='lat' dir='ltr'>lacu</span> <span class='ocrx_word' id='word_1_36' title='bbox 637 424 724 463; x_wconf 67' lang='lat' dir='ltr'>est,</span> <span class='ocrx_word' id='word_1_37' title='bbox 762 429 880 466; x_wconf 90' lang='lat' dir='ltr'>quam</span> <span class='ocrx_word' id='word_1_38' title='bbox 911 428 1001 453; x_wconf 89' lang='lat' dir='ltr'>cum</span> <span class='ocrx_word' id='word_1_39' title='bbox 1032 413 1192 453; x_wconf 88' lang='lat' dir='ltr'>vidisset</span> <span class='ocrx_word' id='word_1_40' title='bbox 1221 413 1341 460; x_wconf 91' lang='lat' dir='ltr'>abire,</span> 
     </span>
    </p>

    <p class='ocr_par' dir='ltr' id='par_1_6' title="bbox 182 478 1351 662">
     <span class='ocr_line' id='line_1_7' title="bbox 186 478 1351 532; baseline -0.003 -12"><span class='ocrx_word' id='word_1_41' title='bbox 186 486 288 532; x_wconf 85' lang='lat' dir='ltr'>‘quo</span> <span class='ocrx_word' id='word_1_42' title='bbox 318 482 490 531; x_wconf 88' lang='lat' dir='ltr'>refugis?</span> <span class='ocrx_word' id='word_1_43' title='bbox 527 493 698 527; x_wconf 88' lang='lat' dir='ltr'>remane,</span> <span class='ocrx_word' id='word_1_44' title='bbox 730 493 804 519; x_wconf 92' lang='lat' dir='ltr'>nec</span> <span class='ocrx_word' id='word_1_45' title='bbox 834 493 908 527; x_wconf 90' lang='lat' dir='ltr'>me,</span> <span class='ocrx_word' id='word_1_46' title='bbox 941 478 1121 527; x_wconf 87' lang='lat' dir='ltr'>crudelis,</span> <span class='ocrx_word' id='word_1_47' title='bbox 1153 485 1351 517; x_wconf 88' lang='lat' dir='ltr'>amantem</span> 
     </span>
     <span class='ocr_line' id='line_1_8' title="bbox 183 545 1290 595; baseline -0.003 -10"><span class='ocrx_word' id='word_1_48' title='bbox 183 548 344 593; x_wconf 91' lang='lat' dir='ltr'>desere‚&#39;</span> <span class='ocrx_word' id='word_1_49' title='bbox 374 545 568 593; x_wconf 89' lang='lat' dir='ltr'>clamavit,</span> <span class='ocrx_word' id='word_1_50' title='bbox 603 545 750 592; x_wconf 84' lang='lat' dir='ltr'>‘liceat‚</span> <span class='ocrx_word' id='word_1_51' title='bbox 782 546 892 595; x_wconf 91' lang='lat' dir='ltr'>quod</span> <span class='ocrx_word' id='word_1_52' title='bbox 922 552 1081 595; x_wconf 84' lang='lat' dir='ltr'>tangere</span> <span class='ocrx_word' id='word_1_53' title='bbox 1111 557 1191 582; x_wconf 90' lang='lat' dir='ltr'>non</span> <span class='ocrx_word' id='word_1_54' title='bbox 1222 551 1290 590; x_wconf 89' lang='lat' dir='ltr'>est,</span> 
     </span>
     <span class='ocr_line' id='line_1_9' title="bbox 182 608 1245 662; baseline -0.004 -12"><span class='ocrx_word' id='word_1_55' title='bbox 182 611 396 662; x_wconf 85' lang='lat' dir='ltr'>adspicere,</span> <span class='ocrx_word' id='word_1_56' title='bbox 429 618 467 649; x_wconf 91' lang='lat' dir='ltr'>et</span> <span class='ocrx_word' id='word_1_57' title='bbox 497 609 639 649; x_wconf 92' lang='lat' dir='ltr'>misero</span> <span class='ocrx_word' id='word_1_58' title='bbox 669 609 857 660; x_wconf 88' lang='lat' dir='ltr'>praebere</span> <span class='ocrx_word' id='word_1_59' title='bbox 886 611 1074 647; x_wconf 87' lang='lat' dir='ltr'>alimenta</span> <span class='ocrx_word' id='word_1_60' title='bbox 1103 608 1245 647; x_wconf 86' lang='lat' dir='ltr'>furori.’</span> 
     </span>
    </p>

    <p class='ocr_par' dir='ltr' id='par_1_7' title="bbox 183 673 1516 790">
     <span class='ocr_line' id='line_1_10' title="bbox 183 673 1516 726; baseline -0.003 -12"><span class='ocrx_word' id='word_1_61' title='bbox 183 678 360 726; x_wconf 87' lang='lat' dir='ltr'>dumque</span> <span class='ocrx_word' id='word_1_62' title='bbox 389 676 507 721; x_wconf 87' lang='lat' dir='ltr'>dolet,</span> <span class='ocrx_word' id='word_1_63' title='bbox 539 687 694 712; x_wconf 84' lang='lat' dir='ltr'>summa</span> <span class='ocrx_word' id='word_1_64' title='bbox 724 681 872 712; x_wconf 90' lang='lat' dir='ltr'>vestem</span> <span class='ocrx_word' id='word_1_65' title='bbox 903 673 1066 712; x_wconf 89' lang='lat' dir='ltr'>deduxit</span> <span class='ocrx_word' id='word_1_66' title='bbox 1095 673 1146 711; x_wconf 94' lang='lat' dir='ltr'>ab</span> <span class='ocrx_word' id='word_1_67' title='bbox 1175 686 1241 710; x_wconf 89' lang='lat' dir='ltr'>ora</span> <span class='ocrx_word' id='word_1_68' title='bbox 1449 679 1516 718; x_wconf 89' lang='lat'>480</span> 
     </span>
     <span class='ocr_line' id='line_1_11' title="bbox 183 737 1232 790; baseline -0.004 -11"><span class='ocrx_word' id='word_1_69' title='bbox 183 742 370 790; x_wconf 91' lang='lat' dir='ltr'>nudaque</span> <span class='ocrx_word' id='word_1_70' title='bbox 400 738 628 777; x_wconf 90' lang='lat' dir='ltr'>marmoreis</span> <span class='ocrx_word' id='word_1_71' title='bbox 658 737 850 788; x_wconf 84' lang='lat' dir='ltr'>percussit</span> <span class='ocrx_word' id='word_1_72' title='bbox 880 744 1039 787; x_wconf 85' lang='lat' dir='ltr'>pectora</span> <span class='ocrx_word' id='word_1_73' title='bbox 1069 737 1232 787; x_wconf 88' lang='lat' dir='ltr'>palmis:</span> 
     </span>
    </p>

    <p class='ocr_par' dir='ltr' id='par_1_8' title="bbox 184 802 1199 856">
     <span class='ocr_line' id='line_1_12' title="bbox 184 802 1199 856; baseline -0.004 -13"><span class='ocrx_word' id='word_1_74' title='bbox 184 812 344 856; x_wconf 83' lang='lat' dir='ltr'>pectora</span> <span class='ocrx_word' id='word_1_75' title='bbox 371 811 570 843; x_wconf 89' lang='lat' dir='ltr'>traxerunt</span> <span class='ocrx_word' id='word_1_76' title='bbox 599 811 758 841; x_wconf 87' lang='lat' dir='ltr'>tenuem</span> <span class='ocrx_word' id='word_1_77' title='bbox 790 815 975 852; x_wconf 86' lang='lat' dir='ltr'>percussa</span> <span class='ocrx_word' id='word_1_78' title='bbox 1004 802 1199 849; x_wconf 86' lang='lat' dir='ltr'>ruborem,</span> 
     </span>
    </p>

    <p class='ocr_par' dir='ltr' id='par_1_9' title="bbox 184 867 1342 919">
     <span class='ocr_line' id='line_1_13' title="bbox 184 867 1342 919; baseline -0.003 -11"><span class='ocrx_word' id='word_1_79' title='bbox 184 884 265 908; x_wconf 92' lang='lat' dir='ltr'>non</span> <span class='ocrx_word' id='word_1_80' title='bbox 294 869 405 908; x_wconf 90' lang='lat' dir='ltr'>aliter</span> <span class='ocrx_word' id='word_1_81' title='bbox 434 881 553 919; x_wconf 90' lang='lat' dir='ltr'>quam</span> <span class='ocrx_word' id='word_1_82' title='bbox 584 881 703 918; x_wconf 91' lang='lat' dir='ltr'>poma</span> <span class='ocrx_word' id='word_1_83' title='bbox 732 868 871 914; x_wconf 89' lang='lat' dir='ltr'>solent,</span> <span class='ocrx_word' id='word_1_84' title='bbox 903 880 1004 917; x_wconf 93' lang='lat' dir='ltr'>quae</span> <span class='ocrx_word' id='word_1_85' title='bbox 1034 867 1204 905; x_wconf 89' lang='lat' dir='ltr'>candida</span> <span class='ocrx_word' id='word_1_86' title='bbox 1233 874 1342 917; x_wconf 83' lang='lat' dir='ltr'>parte</span> 
     </span>
    </p>

    <p class='ocr_par' dir='ltr' id='par_1_10' title="bbox 184 931 1233 985">
     <span class='ocr_line' id='line_1_14' title="bbox 184 931 1233 985; baseline -0.004 -12"><span class='ocrx_word' id='word_1_87' title='bbox 184 942 293 985; x_wconf 91' lang='lat' dir='ltr'>parte</span> <span class='ocrx_word' id='word_1_88' title='bbox 323 933 464 972; x_wconf 85' lang='lat' dir='ltr'>rubent</span> <span class='ocrx_word' id='word_1_89' title='bbox 481 948 489 980; x_wconf 78' lang='lat'>3</span> <span class='ocrx_word' id='word_1_90' title='bbox 527 940 593 971; x_wconf 88' lang='lat' dir='ltr'>aut</span> <span class='ocrx_word' id='word_1_91' title='bbox 624 939 665 970; x_wconf 86' lang='lat' dir='ltr'>ut</span> <span class='ocrx_word' id='word_1_92' title='bbox 695 931 807 971; x_wconf 91' lang='lat' dir='ltr'>variis</span> <span class='ocrx_word' id='word_1_93' title='bbox 837 933 936 971; x_wconf 91' lang='lat' dir='ltr'>solet</span> <span class='ocrx_word' id='word_1_94' title='bbox 966 945 1041 971; x_wconf 92' lang='lat' dir='ltr'>uva</span> <span class='ocrx_word' id='word_1_95' title='bbox 1070 931 1233 970; x_wconf 83' lang='lat' dir='ltr'>racemis</span> 
     </span>
    </p>

    <p class='ocr_par' dir='ltr' id='par_1_11' title="bbox 184 998 1516 1115">
     <span class='ocr_line' id='line_1_15' title="bbox 184 998 1516 1049; baseline -0.005 -10"><span class='ocrx_word' id='word_1_96' title='bbox 184 1001 329 1039; x_wconf 92' lang='lat' dir='ltr'>ducere</span> <span class='ocrx_word' id='word_1_97' title='bbox 358 1011 597 1049; x_wconf 86' lang='lat' dir='ltr'>purpureum</span> <span class='ocrx_word' id='word_1_98' title='bbox 628 998 807 1036; x_wconf 87' lang='lat' dir='ltr'>nondum</span> <span class='ocrx_word' id='word_1_99' title='bbox 838 1004 990 1036; x_wconf 86' lang='lat' dir='ltr'>matura</span> <span class='ocrx_word' id='word_1_100' title='bbox 1020 998 1205 1035; x_wconf 89' lang='lat' dir='ltr'>colorem.</span> <span class='ocrx_word' id='word_1_101' title='bbox 1451 1003 1516 1043; x_wconf 80' lang='lat'>485</span> 
     </span>
     <span class='ocr_line' id='line_1_16' title="bbox 184 1062 1255 1115; baseline -0.003 -12"><span class='ocrx_word' id='word_1_102' title='bbox 184 1078 286 1115; x_wconf 89' lang='lat' dir='ltr'>quae</span> <span class='ocrx_word' id='word_1_103' title='bbox 316 1064 431 1102; x_wconf 88' lang='lat' dir='ltr'>simul</span> <span class='ocrx_word' id='word_1_104' title='bbox 460 1062 638 1112; x_wconf 85' lang='lat' dir='ltr'>adspexit</span> <span class='ocrx_word' id='word_1_105' title='bbox 668 1062 879 1112; x_wconf 86' lang='lat' dir='ltr'>liquefacta</span> <span class='ocrx_word' id='word_1_106' title='bbox 908 1075 1037 1101; x_wconf 89' lang='lat' dir='ltr'>rursus</span> <span class='ocrx_word' id='word_1_107' title='bbox 1067 1063 1107 1100; x_wconf 92' lang='lat' dir='ltr'>in</span> <span class='ocrx_word' id='word_1_108' title='bbox 1136 1063 1255 1108; x_wconf 83' lang='lat' dir='ltr'>unda,</span> 
     </span>
    </p>

    <p class='ocr_par' dir='ltr' id='par_1_12' title="bbox 184 1127 1185 1175">
     <span class='ocr_line' id='line_1_17' title="bbox 184 1127 1185 1175; baseline -0.003 -7"><span class='ocrx_word' id='word_1_109' title='bbox 184 1143 265 1168; x_wconf 88' lang='lat' dir='ltr'>non</span> <span class='ocrx_word' id='word_1_110' title='bbox 295 1128 383 1168; x_wconf 88' lang='lat' dir='ltr'>tulit</span> <span class='ocrx_word' id='word_1_111' title='bbox 412 1127 584 1175; x_wconf 88' lang='lat' dir='ltr'>ulterius,</span> <span class='ocrx_word' id='word_1_112' title='bbox 617 1128 687 1166; x_wconf 90' lang='lat' dir='ltr'>sed</span> <span class='ocrx_word' id='word_1_113' title='bbox 717 1135 759 1165; x_wconf 90' lang='lat' dir='ltr'>ut</span> <span class='ocrx_word' id='word_1_114' title='bbox 788 1127 1033 1166; x_wconf 86' lang='lat' dir='ltr'>intabescere</span> <span class='ocrx_word' id='word_1_115' title='bbox 1063 1128 1185 1165; x_wconf 83' lang='lat' dir='ltr'>flavae</span> 
     </span>
    </p>

    <p class='ocr_par' dir='ltr' id='par_1_13' title="bbox 185 1192 1051 1245">
     <span class='ocr_line' id='line_1_18' title="bbox 185 1192 1051 1245; baseline -0.002 -12"><span class='ocrx_word' id='word_1_116' title='bbox 185 1195 274 1245; x_wconf 83' lang='lat' dir='ltr'>igne</span> <span class='ocrx_word' id='word_1_117' title='bbox 303 1195 377 1233; x_wconf 92' lang='lat' dir='ltr'>levi</span> <span class='ocrx_word' id='word_1_118' title='bbox 407 1206 529 1239; x_wconf 88' lang='lat' dir='ltr'>cerae,</span> <span class='ocrx_word' id='word_1_119' title='bbox 563 1192 858 1242; x_wconf 86' lang='lat' dir='ltr'>matutinaeque</span> <span class='ocrx_word' id='word_1_120' title='bbox 888 1192 1051 1242; x_wconf 87' lang='lat' dir='ltr'>pruinae</span> 
     </span>
    </p>

    <p class='ocr_par' dir='ltr' id='par_1_14' title="bbox 184 1257 1126 1309">
     <span class='ocr_line' id='line_1_19' title="bbox 184 1257 1126 1309; baseline -0.003 -11"><span class='ocrx_word' id='word_1_121' title='bbox 184 1261 267 1298; x_wconf 89' lang='lat' dir='ltr'>sole</span> <span class='ocrx_word' id='word_1_122' title='bbox 296 1266 455 1309; x_wconf 90' lang='lat' dir='ltr'>tepente</span> <span class='ocrx_word' id='word_1_123' title='bbox 485 1258 625 1305; x_wconf 91' lang='lat' dir='ltr'>solent,</span> <span class='ocrx_word' id='word_1_124' title='bbox 655 1257 710 1295; x_wconf 91' lang='lat' dir='ltr'>sic</span> <span class='ocrx_word' id='word_1_125' title='bbox 738 1265 963 1296; x_wconf 88' lang='lat' dir='ltr'>attenuatus</span> <span class='ocrx_word' id='word_1_126' title='bbox 992 1270 1126 1295; x_wconf 86' lang='lat' dir='ltr'>amore</span> 
     </span>
    </p>

    <p class='ocr_par' dir='ltr' id='par_1_15' title="bbox 182 1321 1518 1439">
     <span class='ocr_line' id='line_1_20' title="bbox 183 1321 1518 1374; baseline -0.003 -12"><span class='ocrx_word' id='word_1_127' title='bbox 183 1324 353 1374; x_wconf 84' lang='lat' dir='ltr'>liquitur,</span> <span class='ocrx_word' id='word_1_128' title='bbox 385 1330 423 1362; x_wconf 91' lang='lat' dir='ltr'>et</span> <span class='ocrx_word' id='word_1_129' title='bbox 452 1329 558 1361; x_wconf 90' lang='lat' dir='ltr'>tecto</span> <span class='ocrx_word' id='word_1_130' title='bbox 587 1321 776 1372; x_wconf 86' lang='lat' dir='ltr'>paulatim</span> <span class='ocrx_word' id='word_1_131' title='bbox 806 1321 977 1372; x_wconf 86' lang='lat' dir='ltr'>carpitur</span> <span class='ocrx_word' id='word_1_132' title='bbox 1005 1321 1096 1372; x_wconf 88' lang='lat' dir='ltr'>igni.</span> <span class='ocrx_word' id='word_1_133' title='bbox 1451 1338 1518 1369; x_wconf 80' lang='lat'>490</span> 
     </span>
     <span class='ocr_line' id='line_1_21' title="bbox 182 1386 1238 1439; baseline -0.004 -11"><span class='ocrx_word' id='word_1_134' title='bbox 182 1397 220 1428; x_wconf 88' lang='lat' dir='ltr'>et</span> <span class='ocrx_word' id='word_1_135' title='bbox 250 1401 380 1438; x_wconf 89' lang='lat' dir='ltr'>neque</span> <span class='ocrx_word' id='word_1_136' title='bbox 409 1387 487 1426; x_wconf 89' lang='lat' dir='ltr'>iam</span> <span class='ocrx_word' id='word_1_137' title='bbox 517 1388 625 1425; x_wconf 90' lang='lat' dir='ltr'>color</span> <span class='ocrx_word' id='word_1_138' title='bbox 654 1395 712 1426; x_wconf 88' lang='lat' dir='ltr'>est</span> <span class='ocrx_word' id='word_1_139' title='bbox 742 1387 864 1439; x_wconf 85' lang='lat' dir='ltr'>mixto</span> <span class='ocrx_word' id='word_1_140' title='bbox 894 1388 1066 1426; x_wconf 86' lang='lat' dir='ltr'>candore</span> <span class='ocrx_word' id='word_1_141' title='bbox 1095 1386 1238 1434; x_wconf 87' lang='lat' dir='ltr'>rubori,</span> 
     </span>
    </p>

    <p class='ocr_par' dir='ltr' id='par_1_16' title="bbox 182 1451 1311 1504">
     <span class='ocr_line' id='line_1_22' title="bbox 182 1451 1311 1504; baseline -0.003 -12"><span class='ocrx_word' id='word_1_142' title='bbox 182 1467 256 1493; x_wconf 93' lang='lat' dir='ltr'>nec</span> <span class='ocrx_word' id='word_1_143' title='bbox 285 1453 393 1504; x_wconf 85' lang='lat' dir='ltr'>vigor</span> <span class='ocrx_word' id='word_1_144' title='bbox 423 1460 461 1491; x_wconf 92' lang='lat' dir='ltr'>et</span> <span class='ocrx_word' id='word_1_145' title='bbox 488 1452 588 1491; x_wconf 90' lang='lat' dir='ltr'>vires</span> <span class='ocrx_word' id='word_1_146' title='bbox 617 1459 655 1491; x_wconf 88' lang='lat' dir='ltr'>et</span> <span class='ocrx_word' id='word_1_147' title='bbox 685 1465 786 1502; x_wconf 89' lang='lat' dir='ltr'>quae</span> <span class='ocrx_word' id='word_1_148' title='bbox 815 1452 937 1491; x_wconf 88' lang='lat' dir='ltr'>modo</span> <span class='ocrx_word' id='word_1_149' title='bbox 965 1451 1047 1490; x_wconf 88' lang='lat' dir='ltr'>visa</span> <span class='ocrx_word' id='word_1_150' title='bbox 1075 1452 1311 1502; x_wconf 86' lang='lat' dir='ltr'>placebant3</span> 
     </span>
    </p>

    <p class='ocr_par' dir='ltr' id='par_1_17' title="bbox 183 1518 1400 1634">
     <span class='ocr_line' id='line_1_23' title="bbox 183 1518 1400 1568; baseline -0.002 -11"><span class='ocrx_word' id='word_1_151' title='bbox 183 1532 257 1557; x_wconf 92' lang='lat' dir='ltr'>nec</span> <span class='ocrx_word' id='word_1_152' title='bbox 286 1531 429 1568; x_wconf 90' lang='lat' dir='ltr'>corpus</span> <span class='ocrx_word' id='word_1_153' title='bbox 458 1525 645 1564; x_wconf 87' lang='lat' dir='ltr'>remanet,</span> <span class='ocrx_word' id='word_1_154' title='bbox 677 1518 880 1566; x_wconf 89' lang='lat' dir='ltr'>quondam</span> <span class='ocrx_word' id='word_1_155' title='bbox 911 1518 1020 1566; x_wconf 92' lang='lat' dir='ltr'>quod</span> <span class='ocrx_word' id='word_1_156' title='bbox 1049 1524 1246 1555; x_wconf 86' lang='lat' dir='ltr'>amaverat</span> <span class='ocrx_word' id='word_1_157' title='bbox 1278 1518 1400 1555; x_wconf 91' lang='lat' dir='ltr'>Echo.</span> 
     </span>
     <span class='ocr_line' id='line_1_24' title="bbox 183 1581 1264 1634; baseline -0.003 -11"><span class='ocrx_word' id='word_1_158' title='bbox 183 1597 285 1634; x_wconf 89' lang='lat' dir='ltr'>quae</span> <span class='ocrx_word' id='word_1_159' title='bbox 314 1592 447 1622; x_wconf 89' lang='lat' dir='ltr'>tamen</span> <span class='ocrx_word' id='word_1_160' title='bbox 477 1590 519 1621; x_wconf 90' lang='lat' dir='ltr'>ut</span> <span class='ocrx_word' id='word_1_161' title='bbox 548 1581 656 1629; x_wconf 89' lang='lat' dir='ltr'>vidit,</span> <span class='ocrx_word' id='word_1_162' title='bbox 688 1581 867 1632; x_wconf 87' lang='lat' dir='ltr'>quamvis</span> <span class='ocrx_word' id='word_1_163' title='bbox 898 1581 993 1619; x_wconf 88' lang='lat' dir='ltr'>irata</span> <span class='ocrx_word' id='word_1_164' title='bbox 1022 1594 1264 1631; x_wconf 88' lang='lat' dir='ltr'>memorque,</span> 
     </span>
    </p>

    <p class='ocr_par' dir='ltr' id='par_1_18' title="bbox 183 1645 1518 1828">
     <span class='ocr_line' id='line_1_25' title="bbox 184 1645 1518 1697; baseline -0.003 -10"><span class='ocrx_word' id='word_1_165' title='bbox 184 1648 352 1687; x_wconf 89' lang='lat' dir='ltr'>indoluit</span> <span class='ocrx_word' id='word_1_166' title='bbox 367 1663 377 1696; x_wconf 80' lang='lat'><em>3</em></span> <span class='ocrx_word' id='word_1_167' title='bbox 415 1646 680 1697; x_wconf 90' lang='lat' dir='ltr'>quotiensque</span> <span class='ocrx_word' id='word_1_168' title='bbox 710 1659 807 1696; x_wconf 92' lang='lat' dir='ltr'>puer</span> <span class='ocrx_word' id='word_1_169' title='bbox 837 1645 1070 1685; x_wconf 89' lang='lat' dir='ltr'>miserabilis</span> <span class='ocrx_word' id='word_1_170' title='bbox 1102 1646 1251 1684; x_wconf 85' lang='lat' dir='ltr'>‘eheu&#39;</span> <span class='ocrx_word' id='word_1_171' title='bbox 1452 1661 1518 1693; x_wconf 81' lang='lat'>495</span> 
     </span>
     <span class='ocr_line' id='line_1_26' title="bbox 183 1711 1454 1760; baseline -0.003 -8"><span class='ocrx_word' id='word_1_172' title='bbox 183 1715 344 1760; x_wconf 80' lang='lat' dir='ltr'>dixerat,</span> <span class='ocrx_word' id='word_1_173' title='bbox 375 1714 474 1752; x_wconf 94' lang='lat' dir='ltr'>haec</span> <span class='ocrx_word' id='word_1_174' title='bbox 503 1711 653 1750; x_wconf 87' lang='lat' dir='ltr'>resonis</span> <span class='ocrx_word' id='word_1_175' title='bbox 683 1711 847 1750; x_wconf 88' lang='lat' dir='ltr'>iterabat</span> <span class='ocrx_word' id='word_1_176' title='bbox 877 1711 1041 1749; x_wconf 90' lang='lat' dir='ltr'>vocibus</span> <span class='ocrx_word' id='word_1_177' title='bbox 1073 1712 1197 1749; x_wconf 88' lang='lat' dir='ltr'>‘eheu</span> <span class='ocrx_word' id='word_1_178' title='bbox 1214 1712 1233 1749; x_wconf 78' lang='lat'>³.</span> <span class='ocrx_word' id='word_1_179' title='bbox 1450 1717 1454 1719; x_wconf 87' lang='grc'><em>“</em></span> 
     </span>
     <span class='ocr_line' id='line_1_27' title="bbox 183 1776 1264 1828; baseline -0.004 -11"><span class='ocrx_word' id='word_1_180' title='bbox 183 1791 356 1828; x_wconf 89' lang='lat' dir='ltr'>cumque</span> <span class='ocrx_word' id='word_1_181' title='bbox 386 1790 476 1815; x_wconf 90' lang='lat' dir='ltr'>suos</span> <span class='ocrx_word' id='word_1_182' title='bbox 507 1776 690 1815; x_wconf 86' lang='lat' dir='ltr'>manibus</span> <span class='ocrx_word' id='word_1_183' title='bbox 720 1783 964 1826; x_wconf 86' lang='lat' dir='ltr'>percusserat</span> <span class='ocrx_word' id='word_1_184' title='bbox 994 1777 1057 1814; x_wconf 92' lang='lat' dir='ltr'>ille</span> <span class='ocrx_word' id='word_1_185' title='bbox 1086 1777 1264 1823; x_wconf 86' lang='lat' dir='ltr'>lacertos,</span> 
     </span>
    </p>

    <p class='ocr_par' dir='ltr' id='par_1_19' title="bbox 184 1840 1334 1893">
     <span class='ocr_line' id='line_1_28' title="bbox 184 1840 1334 1893; baseline -0.003 -12"><span class='ocrx_word' id='word_1_186' title='bbox 184 1845 281 1882; x_wconf 93' lang='lat' dir='ltr'>haec</span> <span class='ocrx_word' id='word_1_187' title='bbox 311 1856 471 1893; x_wconf 88' lang='lat' dir='ltr'>quoque</span> <span class='ocrx_word' id='word_1_188' title='bbox 501 1842 692 1880; x_wconf 86' lang='lat' dir='ltr'>reddebat</span> <span class='ocrx_word' id='word_1_189' title='bbox 722 1840 895 1879; x_wconf 87' lang='lat' dir='ltr'>sonitum</span> <span class='ocrx_word' id='word_1_190' title='bbox 925 1840 1122 1890; x_wconf 89' lang='lat' dir='ltr'>plangoris</span> <span class='ocrx_word' id='word_1_191' title='bbox 1151 1841 1334 1879; x_wconf 90' lang='lat' dir='ltr'>eundem.</span> 
     </span>
    </p>

    <p class='ocr_par' dir='ltr' id='par_1_20' title="bbox 183 1904 1342 1955">
     <span class='ocr_line' id='line_1_29' title="bbox 183 1904 1342 1955; baseline -0.003 -9"><span class='ocrx_word' id='word_1_192' title='bbox 183 1908 322 1946; x_wconf 90' lang='lat' dir='ltr'>ultima</span> <span class='ocrx_word' id='word_1_193' title='bbox 350 1921 425 1946; x_wconf 91' lang='lat' dir='ltr'>vox</span> <span class='ocrx_word' id='word_1_194' title='bbox 453 1906 609 1946; x_wconf 89' lang='lat' dir='ltr'>solitam</span> <span class='ocrx_word' id='word_1_195' title='bbox 639 1907 711 1944; x_wconf 89' lang='lat' dir='ltr'>fuit</span> <span class='ocrx_word' id='word_1_196' title='bbox 740 1907 839 1944; x_wconf 89' lang='lat' dir='ltr'>haec</span> <span class='ocrx_word' id='word_1_197' title='bbox 868 1904 1082 1955; x_wconf 88' lang='lat' dir='ltr'>spectantis</span> <span class='ocrx_word' id='word_1_198' title='bbox 1112 1905 1151 1943; x_wconf 83' lang='lat' dir='ltr'>in</span> <span class='ocrx_word' id='word_1_199' title='bbox 1181 1906 1342 1944; x_wconf 88' lang='lat' dir='ltr'>undam.</span> 
     </span>
    </p>

    <p class='ocr_par' dir='ltr' id='par_1_21' title="bbox 184 1969 1520 2085">
     <span class='ocr_line' id='line_1_30' title="bbox 187 1969 1520 2021; baseline -0.004 -10"><span class='ocrx_word' id='word_1_200' title='bbox 187 1973 286 2011; x_wconf 85' lang='lat' dir='ltr'>‘heu</span> <span class='ocrx_word' id='word_1_201' title='bbox 315 1973 454 2010; x_wconf 90' lang='lat' dir='ltr'>frustra</span> <span class='ocrx_word' id='word_1_202' title='bbox 483 1973 628 2010; x_wconf 91' lang='lat' dir='ltr'>dilecte</span> <span class='ocrx_word' id='word_1_203' title='bbox 659 1983 754 2021; x_wconf 86' lang='lat' dir='ltr'>puer</span> <span class='ocrx_word' id='word_1_204' title='bbox 775 1971 806 2008; x_wconf 91' lang='lat'>!&#39;</span> <span class='ocrx_word' id='word_1_205' title='bbox 836 1971 1085 2020; x_wconf 88' lang='lat' dir='ltr'>totidemque</span> <span class='ocrx_word' id='word_1_206' title='bbox 1114 1969 1262 2008; x_wconf 90' lang='lat' dir='ltr'>remisit</span> <span class='ocrx_word' id='word_1_207' title='bbox 1456 1985 1520 2018; x_wconf 83' lang='lat'>500</span> 
     </span>
     <span class='ocr_line' id='line_1_31' title="bbox 184 2034 1362 2085; baseline -0.003 -10"><span class='ocrx_word' id='word_1_208' title='bbox 184 2038 302 2075; x_wconf 83' lang='lat' dir='ltr'>verba</span> <span class='ocrx_word' id='word_1_209' title='bbox 330 2038 440 2075; x_wconf 93' lang='lat' dir='ltr'>locus</span> <span class='ocrx_word' id='word_1_210' title='bbox 457 2051 467 2085; x_wconf 76' lang='lat'><em>3</em></span> <span class='ocrx_word' id='word_1_211' title='bbox 505 2035 694 2085; x_wconf 89' lang='lat' dir='ltr'>dictoque</span> <span class='ocrx_word' id='word_1_212' title='bbox 724 2036 820 2082; x_wconf 89' lang='lat' dir='ltr'>vale,</span> <span class='ocrx_word' id='word_1_213' title='bbox 855 2035 984 2073; x_wconf 88' lang='lat' dir='ltr'>‘vale&#39;</span> <span class='ocrx_word' id='word_1_214' title='bbox 1015 2034 1142 2084; x_wconf 88' lang='lat' dir='ltr'>inquit</span> <span class='ocrx_word' id='word_1_215' title='bbox 1172 2042 1208 2073; x_wconf 92' lang='lat' dir='ltr'>et</span> <span class='ocrx_word' id='word_1_216' title='bbox 1240 2035 1362 2073; x_wconf 86' lang='lat' dir='ltr'>Echo.</span> 
     </span>
    </p>

    <p class='ocr_par' dir='ltr' id='par_1_22' title="bbox 185 2099 1165 2152">
     <span class='ocr_line' id='line_1_32' title="bbox 185 2099 1165 2152; baseline -0.001 -13"><span class='ocrx_word' id='word_1_217' title='bbox 185 2101 250 2140; x_wconf 90' lang='lat' dir='ltr'>ille</span> <span class='ocrx_word' id='word_1_218' title='bbox 280 2109 398 2152; x_wconf 87' lang='lat' dir='ltr'>caput</span> <span class='ocrx_word' id='word_1_219' title='bbox 427 2100 541 2140; x_wconf 89' lang='lat' dir='ltr'>viridi</span> <span class='ocrx_word' id='word_1_220' title='bbox 570 2101 718 2139; x_wconf 88' lang='lat' dir='ltr'>fessum</span> <span class='ocrx_word' id='word_1_221' title='bbox 749 2099 931 2138; x_wconf 91' lang='lat' dir='ltr'>submisit</span> <span class='ocrx_word' id='word_1_222' title='bbox 962 2099 1002 2137; x_wconf 89' lang='lat' dir='ltr'>in</span> <span class='ocrx_word' id='word_1_223' title='bbox 1033 2100 1165 2147; x_wconf 90' lang='lat' dir='ltr'>herba,</span> 
     </span>
    </p>

    <p class='ocr_par' dir='ltr' id='par_1_23' title="bbox 184 2163 1238 2205">
     <span class='ocr_line' id='line_1_33' title="bbox 184 2163 1238 2205; baseline -0.001 -1"><span class='ocrx_word' id='word_1_224' title='bbox 184 2167 335 2205; x_wconf 89' lang='lat' dir='ltr'>lumina</span> <span class='ocrx_word' id='word_1_225' title='bbox 362 2179 466 2205; x_wconf 90' lang='lat' dir='ltr'>mors</span> <span class='ocrx_word' id='word_1_226' title='bbox 496 2165 635 2204; x_wconf 85' lang='lat' dir='ltr'>clausit</span> <span class='ocrx_word' id='word_1_227' title='bbox 664 2164 816 2204; x_wconf 84' lang='lat' dir='ltr'>domini</span> <span class='ocrx_word' id='word_1_228' title='bbox 847 2163 1028 2202; x_wconf 89' lang='lat' dir='ltr'>mirantia</span> <span class='ocrx_word' id='word_1_229' title='bbox 1057 2165 1238 2203; x_wconf 87' lang='lat' dir='ltr'>formam.</span> 
     </span>
    </p>

    <p class='ocr_par' dir='ltr' id='par_1_24' title="bbox 184 2229 1398 2281">
     <span class='ocr_line' id='line_1_34' title="bbox 184 2229 1398 2281; baseline -0.002 -12"><span class='ocrx_word' id='word_1_230' title='bbox 184 2239 267 2270; x_wconf 89' lang='lat' dir='ltr'>tum</span> <span class='ocrx_word' id='word_1_231' title='bbox 298 2243 458 2281; x_wconf 89' lang='lat' dir='ltr'>quoque</span> <span class='ocrx_word' id='word_1_232' title='bbox 488 2244 540 2278; x_wconf 87' lang='lat' dir='ltr'>se,</span> <span class='ocrx_word' id='word_1_233' title='bbox 573 2238 784 2280; x_wconf 87' lang='lat' dir='ltr'>postquam</span> <span class='ocrx_word' id='word_1_234' title='bbox 815 2236 873 2268; x_wconf 90' lang='lat' dir='ltr'>est</span> <span class='ocrx_word' id='word_1_235' title='bbox 902 2229 1055 2268; x_wconf 84' lang='lat' dir='ltr'>inferna</span> <span class='ocrx_word' id='word_1_236' title='bbox 1084 2230 1177 2268; x_wconf 93' lang='lat' dir='ltr'>sede</span> <span class='ocrx_word' id='word_1_237' title='bbox 1207 2236 1398 2279; x_wconf 89' lang='lat' dir='ltr'>receptus,</span> 
     </span>
    </p>

    <p class='ocr_par' dir='ltr' id='par_1_25' title="bbox 186 2295 1520 2346">
     <span class='ocr_line' id='line_1_35' title="bbox 186 2295 1520 2346; baseline -0.003 -12"><span class='ocrx_word' id='word_1_238' title='bbox 186 2297 225 2334; x_wconf 88' lang='lat' dir='ltr'>in</span> <span class='ocrx_word' id='word_1_239' title='bbox 256 2295 386 2346; x_wconf 84' lang='lat' dir='ltr'>Stygia</span> <span class='ocrx_word' id='word_1_240' title='bbox 414 2295 617 2345; x_wconf 89' lang='lat' dir='ltr'>spectabat</span> <span class='ocrx_word' id='word_1_241' title='bbox 646 2308 759 2345; x_wconf 89' lang='lat' dir='ltr'>aqua.</span> <span class='ocrx_word' id='word_1_242' title='bbox 816 2295 999 2344; x_wconf 81' lang='lat' dir='ltr'>planxere</span> <span class='ocrx_word' id='word_1_243' title='bbox 1029 2307 1180 2333; x_wconf 90' lang='lat' dir='ltr'>sorores</span> <span class='ocrx_word' id='word_1_244' title='bbox 1455 2309 1520 2341; x_wconf 86' lang='lat'>505</span> 
     </span>
    </p>
   </div>
  </div>
 </body>
</html>
