1747 2778
432 136 987 177 METAMORPHOSEON
1022 137 1123 173 LIB.
1158 136 1221 173 III

159 251 227 289 dat
257 262 390 300 sparso
419 247 535 299 capiti
567 246 710 285 vivacis
740 258 888 285 cornua
917 244 1032 292 cervi,

158 316 226 354 dat
256 315 427 364 spatium
457 313 561 351 collo
590 323 846 360 summasque
875 307 1100 348 cacuminat
1128 321 1251 354 aures,
1431 323 1489 355 ¹95

159 392 251 418 cum
281 378 530 430 pedibusque
560 389 710 423 manuS,
743 388 834 414 cum
865 373 991 424 longis
1022 372 1205 412 bracchia
1234 379 1359 411 mutat

160 443 337 483 cruribus
367 452 404 482 et
435 443 536 482 velat
567 442 769 480 maculoso
799 441 940 479 vellere
969 451 1123 489 corpus.

160 507 319 547 additus
349 516 386 547 et
417 520 537 558 pavor
566 514 637 547 est.
698 507 792 555 fugit
823 503 1072 543 Autonoeius
1103 504 1218 542 heros

161 580 198 610 et
228 585 270 611 se
300 581 379 611 tarn
410 574 579 612 celerem
609 585 724 611 cursu
756 570 917 609 miratur
947 570 986 608 in
1016 568 1114 619 ipso.

161 644 203 676 ut
232 651 324 677 vero
354 639 483 677 vultus
513 646 551 677 et
581 650 728 676 cornua
759 635 854 675 vidit
886 634 925 673 in
955 634 1074 681 unda,
1432 647 1494 670 200

163 705 248 741 ‘me
279 702 489 750 miserum,'
519 702 694 742 dicturus
725 709 828 740 erat:
863 714 937 739 vox
968 700 1075 737 nulla
1103 704 1237 736 secuta
1267 705 1335 736 est.

161 766 362 818 ingemuit,
386 781 459 806 vox
490 767 554 806 illa
583 768 665 813 fuit,
697 767 960 815 lacrimaeque
990 777 1058 814 per
1088 776 1155 802 ora

161 844 241 870 non
272 845 341 871 sua
371 834 565 872 fluxerunt
581 847 589 879 3
626 844 736 871 mens
766 838 919 869 tantum
950 828 1110 880 pristina
1140 826 1294 866 mansit.

160 896 257 947 quid
287 897 432 936 faciat?
463 905 665 947 repetatne
694 897 859 935 domum
890 903 927 934 et
958 893 1100 944 regalia
1129 893 1261 931 tecta?

159 975 210 1000 an
241 963 358 1001 lateat
387 962 521 1000 silvis?
555 962 672 1000 timor
701 962 788 1007 hoc,
822 961 950 1010 pudor
979 957 1145 1008 impedit
1175 958 1284 995 illud.
1431 971 1492 1003 :05

160 1027 256 1066 dum
286 1026 452 1074 dubitat,
484 1026 616 1065 videre
645 1038 774 1064 canes.
833 1023 1028 1074 primique
1059 1023 1284 1072 Melampus

163 1092 484 1142 Ichnobatesque
513 1104 628 1142 sagax
658 1092 798 1129 latratu
829 1090 939 1140 signa
967 1089 1173 1134 dederunt,

161 1157 335 1196 Gnosius
367 1156 619 1203 Ichnobates,
651 1157 843 1206 Spartana
871 1162 989 1205 gente
1019 1153 1257 1202 Melampus.

161 1222 253 1260 inde
283 1229 400 1260 ruunt
428 1221 493 1260 alii
523 1220 659 1272 rapida
688 1219 861 1259 velocius
890 1232 995 1266 aura,

164 1287 412 1337 Pamphagus
441 1293 480 1325 et
510 1288 688 1325 Dorceus
719 1293 756 1324 et
786 1284 988 1331 Oribasus‚
1020 1283 1196 1321 Arcades
1225 1294 1377 1327 omnes,
1432 1295 1495 1317 210

162 1351 538 1401 Nebrophonusque
567 1352 701 1389 valens
731 1357 769 1389 et
799 1357 883 1388 trux
914 1362 1005 1387 cum
1037 1348 1208 1398 Laelape
1236 1347 1398 1385 Theron

161 1423 199 1455 et
228 1417 396 1466 pedibus
428 1417 600 1455 Pterelas
629 1424 667 1455 et
697 1415 856 1454 naribus
886 1414 990 1452 utilis
1020 1415 1136 1463 Agre,

163 1481 422 1531 Hylaeusque
451 1482 534 1519 fero
563 1494 688 1531 nuper
717 1492 926 1531 percussus
955 1479 1006 1517 ab
1036 1491 1144 1528 apro,

161 1546 293 1596 deque
321 1547 416 1595 lupo
445 1553 639 1596 concepta
670 1547 795 1595 Nape,
826 1545 1082 1595 pecudesque
1110 1549 1247 1582 secuta

163 1610 373 1649 Poemenis
402 1618 440 1649 et
469 1611 570 1649 natis
599 1610 787 1649 comitata
816 1609 995 1660 Harpyia
1023 1607 1194 1654 duobus,
1434 1620 1494 1653 215

162 1683 201 1714 et
229 1675 438 1714 substricta
465 1688 603 1726 gerens
632 1674 838 1725 Sicyonius
868 1673 932 1712 ilia
963 1674 1115 1720 Ladon,

163 1749 202 1780 et
233 1742 402 1779 Dromas
431 1747 469 1779 et
499 1739 687 1780 Canache
717 1738 919 1789 Sticteque
948 1745 986 1777 et
1015 1737 1142 1788 Tigris
1171 1744 1209 1775 et
1238 1736 1337 1774 Alce

163 1814 202 1844 et
231 1804 368 1844 niveus
399 1806 563 1843 Leucon
593 1811 631 1843 et
660 1803 760 1843 villis
789 1803 963 1842 Asbolus
992 1803 1096 1849 atris,

163 1870 490 1920 praevalidusque
519 1871 654 1908 Lacon
683 1876 722 1908 et
751 1881 866 1907 cursu
897 1867 1006 1906 fortis
1036 1868 1151 1906 Aello

163 1942 202 1974 et
229 1936 368 1974 Thous
397 1942 435 1974 et
465 1934 612 1985 Cyprio
641 1935 754 1973 velox
782 1946 874 1972 cum
905 1933 1020 1972 fratre
1051 1931 1226 1982 Lycisce,
1430 1945 1496 1967 220

163 2007 202 2039 et
230 1999 381 2050 nigram
410 1998 543 2038 medio
572 2000 741 2038 frontem
771 1997 980 2037 distinctus
1008 1997 1060 2035 ab
1089 1997 1181 2034 albo

165 2065 362 2115 Harpalos
392 2072 430 2103 et
461 2065 669 2103 Melaneus
698 2062 925 2112 hirsutaque
955 2073 1119 2112 corpore
1149 2061 1321 2106 Lachne,

163 2136 201 2168 et
230 2136 338 2179 patre
369 2127 536 2167 Dictaeo
566 2128 636 2167 sed
666 2135 789 2168 matre
819 2126 1021 2166 Laconide
1050 2125 1131 2164 nati

164 2193 314 2233 Labros
343 2200 382 2233 et
410 2193 619 2244 Agriodus,
649 2200 688 2232 et
716 2198 856 2231 acutae
883 2191 990 2231 vocis
1021 2191 1223 2241 Hylactor,

163 2271 344 2310 quosque
373 2259 514 2297 referre
543 2270 652 2297 mora
680 2264 749 2297 est.
798 2269 844 2296 ea
873 2255 987 2295 turba
1015 2256 1201 2306 cupidine
1230 2255 1399 2305 praedae
1431 2270 1491 2300 225

161 2336 231 2374 per
260 2335 375 2373 rupes
404 2323 669 2372 scopulosque
697 2321 888 2371 adituque
916 2319 1088 2360 carentia
1117 2332 1219 2366 saxa,

162 2401 319 2439 quaque
348 2396 406 2426 est
435 2386 614 2434 difficilis,
645 2399 802 2437 quaque
831 2395 888 2424 cst
918 2384 979 2424 via
1008 2386 1124 2431 nulla,
1157 2391 1384 2435 sequuntur.

1268 2460 1292 2488 c
1315 2463 1333 2487 2
