1747 2778
425 112 984 153 METAMORPHOSEON
1016 113 1117 151 LIB.
1152 113 1217 152 ΙΙΙ

160 223 248 258 ‘aut
278 222 379 259 ultor
408 228 570 269 vestrae,
602 220 791 260 fidissima
820 233 995 271 corpora,
1027 221 1162 260 mortis

157 292 225 324 aut
253 287 412 333 comes‚'
442 284 579 336 inquit,
613 287 726 325 ‘ero.'
782 285 890 333 dixit,
921 286 1136 336 dextraque
1165 287 1354 324 molarem

160 350 315 389 sustulit
345 358 383 389 et
413 363 599 401 magnum
630 363 774 400 magno
803 350 1012 389 conamine
1041 350 1157 389 misit.

160 414 262 454 illius
292 415 463 466 impulsu
493 428 584 454 cum
615 414 784 454 turribus
813 416 935 454 ardua
963 414 1077 454 celsis

161 479 318 519 moenia
347 487 453 519 mota
482 480 634 520 forent:
669 493 829 531 serpens
858 481 943 520 sine
971 481 1131 519 vulnere
1161 480 1315 528 mansit,

160 544 383 596 loricaeque
414 547 536 585 modo
565 545 739 597 squamis
768 546 954 586 defensus
983 553 1021 585 et
1050 554 1155 586 atrae

159 610 302 649 duritia
330 610 443 661 pellis
473 610 623 650 validos
653 618 744 650 cute
773 611 941 662 reppulit
971 610 1084 650 ictus.

159 682 198 713 at
228 688 309 714 non
338 674 482 714 duritia
509 675 680 715 iaculum
710 689 870 727 quoque
899 675 991 715 vicit
1019 677 1182 716 eadem:

159 739 270 790 quod
299 739 432 779 medio
461 741 590 780 lentae
620 740 756 791 spinae
785 740 1010 780 curvamine
1041 741 1161 779 fixum

159 804 346 852 constitit,
378 813 416 844 et
446 812 572 844 totum
602 805 808 846 descendit
838 805 878 844 in
907 805 972 845 ilia
1001 806 1155 845 ferrum.

160 868 224 908 ille
254 870 390 908 dolore
419 870 526 909 ferox
556 878 674 920 caput
703 871 743 908 in
773 883 842 909 sua
872 878 978 921 terga
1007 871 1160 910 retorsit

160 935 400 984 vulneraque
428 935 605 984 adspexit
637 934 838 985 fixumque
868 934 1007 973 hastile
1037 936 1262 983 momordit,

160 998 291 1048 idque,
323 999 391 1038 ubi
420 998 457 1037 vi
486 1000 609 1037 multa
638 1006 789 1049 partem
819 998 1001 1038 labefecit
1031 1000 1071 1038 in
1100 1013 1273 1048 omnem,

161 1064 223 1102 vix
252 1070 361 1114 tergo
389 1062 529 1114 eripuit
545 1078 556 1111 3
586 1064 729 1102 ferrum
759 1071 892 1103 tamen
921 1064 1076 1103 ossibus
1106 1065 1243 1104 haesit.

160 1136 245 1166 tum
274 1140 366 1167 vero
394 1136 606 1178 postquam
635 1127 768 1168 solitas
797 1129 962 1169 accessit
989 1130 1041 1169 ad
1071 1130 1156 1181 irasj

160 1205 280 1232 causa
308 1205 460 1241 recens,
487 1192 613 1243 plenis
643 1200 871 1233 tumuerunt
899 1201 1056 1245 guttura
1084 1195 1205 1243 venis,

162 1269 381 1308 spumaque
409 1256 613 1308 pestiferos
642 1257 876 1298 circumfluit
905 1258 1039 1298 albida
1067 1258 1196 1307 rictus,

162 1329 342 1372 terraque
372 1335 457 1361 rasa
486 1329 599 1360 sonat
629 1323 814 1373 squamis,
845 1324 993 1374 quique
1023 1323 1166 1364 halitus
1195 1326 1273 1364 exit

162 1399 229 1425 ore
258 1385 366 1436 niger
395 1386 541 1437 Stygio,
572 1386 725 1426 vitiatas
755 1387 878 1427 inficit
907 1401 1030 1428 auras.

162 1450 246 1502 ipse
275 1452 397 1491 modo
427 1451 665 1491 immensum
696 1453 807 1503 spiris
837 1453 1071 1493 facientibus
1101 1454 1239 1494 orbem

162 1514 340 1566 cingitur,
371 1515 569 1556 interdum
599 1518 716 1568 longa
744 1517 854 1557 trabe
883 1518 1023 1558 rectior
1051 1520 1190 1568 adstat,

162 1579 310 1631 impete
338 1594 445 1620 nunc
474 1588 596 1629 vasto,
626 1595 699 1621 ceu
729 1582 908 1622 concitus
939 1583 1131 1623 imbribus
1159 1587 1300 1634 amnis,

163 1646 296 1694 fertur,
324 1652 363 1685 et
391 1645 594 1685 obstantes
623 1647 827 1696 proturbat
857 1655 1015 1698 pectore
1045 1648 1172 1689 silvas.

162 1709 268 1749 cedit
298 1711 544 1761 Agenorides
572 1712 734 1762 paulum
764 1711 971 1763 spolioque
1000 1714 1125 1753 leonis

163 1774 329 1814 sustinet
358 1775 536 1815 incursus
565 1775 831 1827 instantiaque
859 1790 927 1816 ora
956 1780 1126 1818 retardat

163 1839 327 1890 cuspide
356 1847 584 1890 praetenta:
615 1840 705 1879 furit
734 1840 810 1889 ille,
842 1848 880 1881 et
908 1841 1042 1881 inania
1069 1844 1170 1882 duro

162 1905 324 1944 vulnera
351 1905 419 1944 dat
446 1905 548 1944 ferro
577 1905 738 1956 figitque
767 1907 807 1944 in
835 1907 1019 1946 acumine
1047 1908 1198 1948 dentes.

163 1968 322 2019 iamque
349 1968 576 2009 venenifero
605 1970 764 2021 sanguis
794 1984 954 2010 manare
982 1973 1114 2022 palato

163 2041 347 2085 coeperat
376 2041 415 2074 et
442 2034 585 2074 virides
613 2035 847 2086 adspergine
876 2036 1041 2076 tinxerat
1071 2038 1237 2078 herbas:

164 2099 235 2138 sed
263 2100 349 2138 leve
377 2100 519 2138 vulnus
547 2107 640 2148 erat,
671 2099 763 2151 quia
792 2114 834 2140 se
862 2102 1083 2141 retrahebat
1111 2103 1163 2142 ab
1193 2102 1284 2150 ictu,

164 2164 348 2214 laesaque
376 2165 479 2203 colla
507 2163 627 2203 dabat
655 2171 757 2204 retro
786 2166 1022 2217 plagamque
1051 2168 1189 2207 sedere

164 2227 348 2267 cedendo
375 2227 533 2267 arcebat
561 2241 636 2268 nec
665 2229 819 2280 longius
849 2229 902 2269 ire
931 2230 1096 2279 sinebat,

164 2292 296 2332 donec
324 2291 570 2343 Agenorides
600 2292 824 2334 coniectum
854 2293 894 2333 in
922 2302 1079 2346 guttura
1107 2297 1251 2336 serrum

167 2369 294 2408 usque
324 2369 494 2408 sequens
523 2357 672 2409 pressit,
704 2359 800 2398 dum
831 2366 932 2398 retro
961 2373 1128 2411 quercus
1157 2364 1265 2402 eunti

1445 356 1489 388 60

1454 1342 1493 1375 75

1451 1659 1494 1690 80

1451 2315 1494 2348 90
